1982 3288
427 233 491 264 DE
521 232 712 264 TRIBUN.
747 232 849 264 POT.
883 233 914 263 A
945 232 1097 264 SULLA
1130 231 1377 264 IMMINUTA
1651 234 1697 263 21

94 364 186 399 erat
214 358 343 400 etiam
372 356 684 399 necessarium?
728 357 928 408 Langeus
957 357 1050 410 ipse
1073 357 1196 397 affert
1216 358 1462 412 exemplum
1484 357 1531 398 C.
1555 357 1705 410 Pomp-

96 426 184 475 tini,
232 425 299 467 cui
342 438 378 465 a.
418 420 579 477 700,='54
606 425 663 465 ad
691 437 787 465 eam
819 437 907 464 rem
937 423 1160 477 imperium
1190 425 1337 464 datum
1368 432 1434 465 est
1463 424 1559 476 lege
1589 438 1706 478 prae-

96 493 222 543 toria;
267 505 376 545 quae
423 492 588 545 rogatio
623 491 658 532 si
703 496 852 531 contra
895 489 1014 542 leges
1060 496 1127 531 est
1161 490 1336 543 perlata,
1382 505 1466 531 non
1497 505 1547 531 ea
1577 505 1707 532 causa

97 559 184 609 suit,
229 560 347 612 quod
386 572 482 600 eam
510 563 683 612 praetor
711 557 816 606 tulit,
848 558 925 598 sed
955 558 1072 611 quod
1101 563 1201 598 ante
1230 558 1411 610 primam
1441 558 1523 598 diei
1555 558 1705 599 horam

95 639 163 668 res
197 639 294 667 cum
324 625 484 680 populo
513 631 610 667 acta
639 621 748 666 est¹.
799 625 889 666 Iam
918 638 1020 666 uero
1036 624 1189 676 legem,
1211 638 1295 678 qua
1321 624 1525 678 Pompeio
1542 626 1627 676 674
1653 628 1709 666 80

94 693 381 748 triumphandi
410 706 539 734 causa
568 692 691 733 venia
720 693 821 733 data
850 698 917 734 est
946 692 1129 734 Romam
1154 705 1251 732 cum
1275 692 1466 733 exercitu
1491 693 1706 739 redeundi,

0 768 7 776 ‘
44 780 50 786 ·
96 760 212 803 Sulla
246 761 338 815 ipse
377 755 588 814 rogavit’;
628 773 654 800 a
690 773 775 813 qua
803 759 838 800 si
867 759 1036 800 diversa
1066 759 1141 800 fuit
1170 773 1234 807 ea,
1265 772 1376 813 quae
1405 760 1459 800 de
1489 759 1707 813 triumpho

96 834 164 871 est
190 827 288 876 lata.
318 841 429 881 quae
458 833 525 868 est
556 827 718 881 Langei
747 827 969 875 sententia,
1000 840 1075 867 cur
1102 827 1388 867 necessarium
1418 834 1485 868 est
1514 840 1610 868 eam
1637 826 1706 867 lia-

98 895 241 937 buisse
271 894 450 936 latorem
479 895 693 937 tribunum
722 893 883 949 plebis?

230 962 427 1016 Denique
447 963 564 1016 quod
584 961 725 1015 legem
745 960 1051 1010 Viselliam,
1073 975 1157 1015 qua
1178 961 1355 1003 tribunis
1375 972 1474 1003 cura
1495 962 1707 1015 quaedam

97 1030 257 1072 viarum
286 1030 388 1071 data
407 1036 485 1079 est,
505 1029 704 1083 Langeus
721 1023 897 1071 censet⁸
916 1042 1014 1070 esse
1029 1028 1168 1082 legem
1187 1029 1455 1070 tribuniciam
1473 1043 1510 1070 a.
1530 1029 1612 1069 682
1639 1039 1707 1081 72.

97 1110 226 1151 quum
256 1097 366 1139 hanc
397 1096 537 1150 legem
565 1109 651 1139 non
681 1096 1010 1149 cognoverimus
1038 1097 1115 1137 nisi
1147 1110 1201 1136 ex
1232 1096 1355 1138 titulo
1386 1096 1456 1137 illo
1486 1096 1533 1137 C.
1561 1096 1590 1138 1.
1617 1095 1662 1137 L.
1691 1096 1706 1136 Ι

97 1164 182 1206 Nzo
229 1174 321 1217 593,
368 1165 423 1206 de
471 1177 558 1219 quo
601 1177 729 1218 supra
758 1164 1080 1218 disputavimus,
1113 1164 1217 1205 satis
1246 1171 1439 1222 apparet,
1469 1164 1587 1217 quod
1617 1164 1708 1204 eius

96 1231 219 1273 suerit
256 1238 438 1287 tempu5‚
470 1231 595 1286 plane
628 1245 684 1273 ex
714 1238 910 1286 tempore
940 1230 1153 1285 plebisciti
1180 1231 1498 1273 Termessensis
1527 1244 1623 1272 esse
1653 1231 1707 1272 iu—

96 1299 335 1341 dicandum.
396 1299 488 1341 Nec
517 1299 552 1340 si
582 1312 760 1341 necesse
794 1306 862 1341 est
891 1298 1110 1342 Viselliam
1139 1312 1236 1340 esse
1265 1313 1319 1340 eo
1349 1298 1575 1353 plebiscito
1606 1298 1707 1339 anti-

96 1367 300 1421 quiorem,
331 1367 490 1409 idcirco
519 1373 586 1408 est
614 1367 656 1409 in
685 1366 785 1408 illud
815 1367 1080 1414 decennium,
1114 1367 1169 1408 de
1198 1380 1285 1421 quo
1318 1380 1429 1409 nunc
1453 1367 1708 1420 quaerimus,

97 1433 411 1478 conserendum.
472 1434 693 1477 Praeterea
727 1447 781 1476 ne
824 1433 924 1475 illud
954 1434 1127 1488 quidem
1156 1434 1428 1488 exploratum
1457 1440 1536 1482 est,
1567 1433 1707 1486 legem

98 1514 194 1545 eam
239 1501 367 1544 fuisse
410 1502 687 1544 tribuniciam.
759 1502 964 1556 Idemque
997 1501 1210 1543 transferri
1240 1509 1385 1556 potest
1415 1502 1456 1543 in
1486 1500 1708 1543 Willemsii

99 1569 351 1612 sententiam
364 1565 397 1619 ⁴,
419 1570 489 1623 qui
514 1569 784 1623 plebiscitum
808 1569 1028 1611 Antium
1053 1569 1219 1622 legibus
1242 1569 1473 1611 tribuniciis
1497 1570 1604 1610 inter
1624 1569 1709 1610 hoc

98 1649 304 1679 annorum
343 1637 528 1690 spatium
557 1636 654 1679 latis
682 1643 942 1679 annumerat.
1004 1636 1115 1678 Nam
1145 1637 1180 1677 si
1209 1637 1246 1678 is
1275 1636 1323 1678 C.
1355 1636 1513 1678 Antius
1544 1636 1707 1684 Restio,

97 1704 168 1758 qui
214 1702 352 1756 legem
388 1704 693 1758 sumptuariam
723 1704 789 1745 vel
820 1705 1021 1746 cibariam
1050 1704 1144 1746 tulit
1155 1699 1187 1753 ⁶,
1229 1705 1341 1746 idem
1371 1712 1438 1745 est
1466 1711 1595 1758 atque
1625 1703 1709 1751 ille,

98 1770 216 1813 cuius
245 1783 402 1813 nomen
432 1772 540 1813 inter
569 1771 726 1814 latores
754 1771 965 1826 plebiscita·
994 1772 1049 1813 de
1081 1771 1380 1813 Termessibus
1416 1772 1709 1826 reponendum

97 1843 175 1889 est.
206 1839 323 1893 quod
352 1837 421 1881 ille
450 1852 529 1893 pro
559 1845 678 1881 certo
707 1838 851 1887 habet.
882 1852 968 1881 non
998 1838 1094 1893 plus
1123 1840 1221 1881 inde
1241 1839 1433 1888 efficitur.
1450 1853 1579 1893 quam
1604 1840 1708 1880 eius-

98 1905 196 1948 dem
224 1905 321 1948 anni
351 1919 448 1948 esse
477 1906 617 1960 legem
646 1906 824 1949 Antiam
854 1914 898 1949 et
927 1906 1196 1961 plebiscitum
1226 1909 1281 1948 de
1311 1907 1621 1949 Termessibus.

859 2108 933 2150 IV.

228 2241 318 2284 Iam
363 2242 619 2285 veniendum
662 2250 728 2286 est
771 2244 827 2285 ad
866 2243 1007 2285 locum
1043 2243 1158 2285 illum
1189 2243 1378 2298 Appiani
1409 2244 1456 2285 B.
1488 2244 1537 2285 C.
1575 2256 1608 2291 ι,
1643 2255 1707 2296 59.

97 2304 196 2362 Quo
242 2308 339 2351 loco
378 2316 568 2352 narratur
598 2310 715 2353 Sulla
743 2311 786 2352 in
815 2311 954 2365 primo
983 2311 1205 2353 consulatu
1234 2307 1409 2360 666x‘88,
1441 2326 1572 2366 quum
1602 2312 1708 2353 urbe

96 2374 137 2415 vi
162 2375 327 2429 potitus
361 2384 488 2427 esset,
525 2378 596 2419 ubi
626 2378 857 2434 populares
885 2379 995 2420 duce
1025 2378 1067 2420 S.
1100 2378 1289 2434 Sulpicio
1320 2379 1432 2420 Ruso
1463 2379 1596 2421 multa
1625 2387 1709 2421 tur·

95 2441 312 2493 haveram,
355 2443 479 2488 simul
519 2459 616 2487 cum
646 2445 813 2500 collega
843 2445 926 2500 Qu.
959 2446 1164 2500 Pompeio
1193 2446 1418 2488 concilium
1448 2446 1596 2502 populi
1626 2454 1706 2488 sta-

93 2509 170 2549 tim
214 2523 491 2561 convocasse,
527 2513 671 2567 ibique
700 2513 948 2567 deplorasse
977 2521 1022 2555 et
1051 2514 1336 2557 calamitatem
1367 2515 1563 2563 civitatis,
1595 2529 1708 2568 quae

233 2628 241 2647 ¹
267 2626 347 2662 Dio
371 2626 499 2672 Cass„
526 2630 654 2676 39565.
702 2630 844 2672 Lixos,
870 2630 891 2666 1.
918 2642 946 2666 c.
973 2630 1030 2673 111,
1055 2642 1085 2677 p.
1108 2628 1188 2676 358.

229 2683 242 2704 '2
265 2683 366 2718 Sall.
391 2683 481 2730 apud
505 2684 613 2721 Gell.
643 2697 694 2728 ιο,
718 2696 763 2722 20
785 2687 901 2731 (hist.
927 2696 959 2729 2,
987 2697 1025 2723 12
1051 2687 1111 2732 D).
1159 2688 1301 2729 Laxos,
1324 2688 1346 2722 l.
1373 2699 1400 2722 c.
1427 2687 1483 2729 111,
1508 2699 1539 2734 p.
1570 2688 1645 2723 168.

229 2738 242 2758 ³
266 2739 406 2782 mez,
429 2740 535 2776 Rom.
561 2741 631 2779 Ait.
657 2743 698 2785 11,
723 2754 755 2789 p.
781 2743 858 2789 695.

226 2798 241 2818 ⁴
265 2796 451 2839 Wrmzms,
475 2796 524 2832 Le
546 2799 645 2835 senat
667 2801 711 2836 de
734 2800 767 2835 la
791 2802 862 2846 rep.
887 2812 978 2837 rom.
1003 2801 1045 2843 11,
1070 2812 1102 2846 p.
1131 2812 1204 2844 ¹04·

228 2853 241 2873 '³
265 2852 354 2887 Vide
379 2863 480 2898 supra
506 2864 537 2899 p.
567 2864 616 2899 17·
