1982 3288
293 171 347 224 36
935 175 965 216 J.
999 174 1047 206 M.
1081 165 1268 207 susum

292 310 456 346 tantum
487 303 692 343 adversus
723 301 966 354 rogationes
997 300 1240 342 tribunicias
1270 300 1294 342 ii
1326 299 1544 342 habebant
1574 300 1796 353 praesidia,
1821 302 1905 356 qui-

293 372 373 412 bus
402 369 516 411 salus
547 368 716 424 publica
746 375 837 409 erat
866 381 1003 415 curae.
1036 367 1070 408 si
1101 368 1229 409 ceteri
1260 367 1412 409 tribuni
1445 367 1755 409 intercederent
1777 375 1851 410 aut
1871 370 1907 411 ui

292 438 394 492 quid
426 436 572 490 religio
602 450 748 478 morae
778 435 928 476 afferre
959 440 1118 488 posset.
1179 433 1372 489 Quorum
1403 434 1581 476 alterum
1610 448 1738 488 quam
1769 434 1909 477 invali-

292 507 395 546 dum
425 510 552 554 esset,
583 504 618 545 si
649 503 802 545 tribuni
834 503 941 543 inter
971 516 1018 542 se
1039 502 1339 550 consentirent,
1360 501 1480 543 facile
1498 502 1752 555 apparebat;
1774 501 1909 544 altero

293 586 466 627 quoque
496 585 645 626 parum
677 569 825 624 profici
848 569 964 611 Sulla
995 569 1086 623 ipse
1114 570 1319 611 adversus
1350 569 1541 611 tribunos
1571 576 1776 623 expertus
1804 576 1907 612 erat.

295 639 427 694 Quod
458 639 582 692 igitur
611 638 724 679 aliud
755 644 927 691 praesto
957 643 1048 678 erat
1078 635 1327 690 perfugium.
1349 651 1478 691 quam
1498 643 1542 677 ut
1562 636 1658 689 lege
1675 644 1908 686 caveretur.

294 721 352 761 nel
387 707 488 760 quid
528 706 605 747 nisi
646 711 744 746 ante
774 703 970 745 consulto
1010 710 1159 746 senatu
1187 706 1243 746 ad
1274 704 1478 759 populum
1515 702 1714 746 ferretur?
1757 702 1911 759 Neque

292 775 329 816 si
359 774 417 815 ita
447 779 679 820 caveretur.
711 778 920 825 exceptas
949 785 1046 812 esse
1076 772 1346 825 patriciorum
1377 772 1699 824 magistratuum
1730 771 1910 824 rogatio-

295 856 383 890 nes
417 842 458 881 id
481 841 701 881 universae
720 838 969 892 disciplinae
989 845 1034 880 et
1053 838 1202 880 rationi
1226 838 1482 893 reipublicae
1498 852 1699 880 romanae
1718 838 1911 893 morique

293 923 319 950 a
352 908 582 949 maioribus
621 906 777 948 tradito
808 913 899 947 erat
928 913 1274 955 consentaneum,
1317 906 1374 947 ita
1405 913 1451 947 ut
1479 919 1618 959 neque
1647 905 1704 947 ab
1731 906 1909 959 optima-

294 976 409 1017 tibus
440 988 579 1028 neque
608 988 634 1015 a
664 973 940 1028 popularibus
978 987 1030 1014 ea
1060 987 1127 1015 1·oe
1156 973 1407 1028 reprehendi
1445 980 1604 1027 posset.
1675 972 1738 1014 lta
1768 971 1910 1026 legum

295 1043 616 1084 condendarum
653 1055 752 1083 cura
782 1048 826 1082 et
856 1041 1050 1082 custodia
1078 1042 1134 1082 ad
1163 1055 1259 1083 eam
1290 1040 1546 1095 reipublicae
1576 1046 1742 1094 partem
1769 1038 1913 1082 delata

295 1116 374 1160 est,
407 1123 536 1163 quam
567 1122 694 1150 unam
725 1122 821 1150 cum
852 1108 989 1150 salute
1019 1108 1201 1150 civitatis
1221 1122 1316 1150 eam
1336 1122 1485 1162 gerere
1504 1121 1634 1162 posse
1651 1106 1791 1161 aliqua
1810 1120 1913 1162 spes

294 1184 399 1226 erat,
430 1183 636 1218 senatum.
685 1176 797 1217 Nam
827 1175 973 1230 populi
1005 1176 1046 1217 in
1066 1176 1249 1218 comitiis
1273 1175 1548 1230 conciliisque
1570 1174 1687 1228 leges
1702 1174 1911 1217 sciscendi

295 1251 490 1299 potestas
520 1258 573 1285 eo
604 1251 799 1297 tempore
829 1244 939 1284 adeo
969 1243 1108 1285 soluta
1127 1257 1178 1285 ac
1198 1243 1329 1285 libera
1347 1250 1450 1291 erat.
1469 1244 1580 1284 adeo
1598 1241 1722 1284 nullis
1739 1242 1912 1285 circum-

293 1313 454 1366 scripta
483 1312 684 1360 terminis,
716 1312 826 1352 adeo
856 1311 912 1351 ab
942 1311 1058 1352 omni
1089 1312 1297 1358 cautione.
1338 1324 1391 1352 ne
1420 1311 1522 1364 quid
1553 1316 1814 1364 peccaretur,
1842 1309 1913 1352 de·

293 1380 455 1428 stituta,
488 1386 533 1421 ut
562 1392 728 1420 summa
759 1378 857 1419 inde
892 1378 1078 1432 pericula
1113 1378 1249 1420 timeri
1280 1385 1469 1432 possent.
1530 1377 1736 1432 Quisquis
1764 1376 1912 1419 consul

294 1454 398 1497 erat,
438 1446 631 1501 quisquis
667 1452 850 1500 praetor,
890 1446 1082 1499 quisquis
1111 1445 1303 1487 tribunus
1333 1445 1483 1499 plebis,
1513 1445 1552 1486 ei
1581 1458 1661 1499 pro
1689 1458 1767 1486 sua
1795 1450 1914 1498 pote·

292 1521 407 1556 state
437 1514 606 1563 licebat,
638 1514 821 1555 comitiis
852 1513 920 1554 vel
945 1513 1126 1555 concilio
1145 1520 1399 1561 convocato,
1419 1512 1625 1567 quidquid
1642 1512 1681 1554 ei
1699 1511 1912 1566 placebat,

294 1582 550 1624 cuicuimodi
580 1582 623 1622 id
653 1587 755 1630 erat,
788 1581 942 1622 iudicio
973 1580 1119 1635 populi
1144 1580 1338 1635 plebisve
1361 1580 1567 1628 subicere,
1588 1592 1755 1633 unaque
1769 1578 1914 1622 suffr»

295 1650 463 1703 giorum
504 1649 606 1690 latio
636 1650 691 1690 ad
731 1662 819 1690 rem
861 1648 1173 1690 conficiendam
1214 1649 1318 1690 satis
1358 1655 1461 1695 erat,
1497 1648 1556 1689 ita
1595 1654 1641 1689 ut
1675 1647 1793 1701 quod
1830 1659 1914 1690 una

295 1717 438 1772 plures
475 1717 609 1758 tribus
648 1715 714 1757 vel
754 1716 968 1757 centuriae
1007 1716 1239 1765 iussissent,
1278 1716 1321 1757 id
1351 1723 1486 1757 ratum
1517 1714 1771 1768 firmumque
1797 1719 1915 1756 ὅσα

297 1798 434 1839 eaque
475 1784 571 1838 lege
611 1798 762 1824 omnes
804 1784 920 1825 cives
958 1789 1212 1824 tenerentur.
1285 1783 1382 1826 Una
1422 1783 1478 1824 ad
1507 1782 1549 1823 id
1579 1788 1750 1836 tempus
1779 1781 1916 1823 suerat

297 1852 518 1901 malorum,
551 1865 661 1905 quae
691 1851 789 1892 inde
819 1851 916 1892 oriri
947 1856 1158 1904 poterant,
1189 1851 1343 1899 cautio,
1375 1850 1409 1891 si
1439 1857 1613 1891 senatus
1631 1855 1797 1890 tantum
1820 1862 1915 1891 auc-

296 1920 471 1961 toritate
501 1918 674 1967 valeret,
706 1925 752 1959 ut
781 1917 906 1959 saluti
935 1918 1133 1971 publicae
1163 1918 1389 1972 providere
1418 1924 1579 1971 posset,
1610 1917 1688 1957 sed
1717 1929 1851 1970 quum
1870 1906 1940 1958 id¹

297 2001 383 2028 non
420 1988 504 2028 iam
533 1987 638 2028 satis
667 1999 763 2027 esse
794 1986 1017 2034 videretur,
1055 1987 1288 2026 verendum
1317 1992 1420 2034 erat,
1451 1998 1505 2025 ne
1535 1983 1776 2038 respublica
1802 1989 1917 2026 stare

296 2055 472 2096 omnino
502 2068 589 2095 non
619 2059 780 2107 posset.
853 2053 1016 2094 Mentio
1047 2053 1173 2106 igitur
1207 2052 1329 2094 facile
1358 2066 1384 2093 a
1412 2051 1755 2106 prudentioribus
1776 2049 1917 2094 insoni

298 2129 481 2176 poterat,
521 2129 568 2163 ut
606 2127 850 2170 tentaretur,
889 2121 924 2162 si
955 2134 1084 2174 quam
1121 2121 1420 2162 auctoritatem
1454 2126 1555 2161 ante
1589 2125 1764 2160 senatus
1795 2130 1917 2160 more

297 2190 506 2231 tenuisset
548 2189 794 2242 rogationes
835 2195 1066 2242 antequam
1107 2188 1312 2229 ferrentur
1348 2186 1630 2241 approbandi,
1664 2198 1718 2228 ea
1750 2185 1849 2239 lege
1876 2185 1916 2226 ei

297 2257 458 2298 tributa
487 2263 618 2310 atque
648 2257 821 2305 munita,
852 2256 988 2297 maior
1016 2256 1059 2296 in
1088 2269 1142 2296 eo
1171 2256 1320 2296 ordine
1350 2255 1414 2296 vis
1443 2261 1560 2296 esset
1586 2254 1643 2295 ad
1669 2252 1918 2294 tribunicios

258 2317 278 2326 *¹
299 2331 481 2366 conatus
512 2324 806 2378 reprimendos
820 2320 851 2364 ¹.
911 2323 1009 2364 Hoc
1028 2337 1201 2377 quoque
1219 2323 1477 2377 praesidium
1494 2334 1651 2362 vanum
1668 2333 1765 2361 esse
1785 2333 1917 2374 quum

299 2398 482 2433 eventus
524 2405 662 2433 rerum
699 2391 928 2440 docuisset,
971 2390 1087 2432 Sulla
1123 2391 1307 2432 dictator
1342 2390 1480 2432 factus
1507 2394 1678 2442 tempus
1707 2401 1804 2429 esse
1831 2387 1918 2429 exi-

302 2460 495 2501 stimavit
533 2459 671 2513 magis
718 2458 964 2500 efficacibus
1008 2458 1211 2500 adhibitis
1251 2458 1448 2499 remediis
1487 2456 1679 2505 cavendi,
1717 2469 1775 2498 ne
1815 2454 1919 2510 quid

306 2528 552 2581 perniciosa
581 2527 847 2568 tribunorum
876 2525 1053 2567 consilia
1082 2525 1340 2579 reipublicae
1368 2530 1584 2566 nocerent.

438 2661 506 2702 Eo
536 2661 675 2714 igitur,
706 2662 819 2701 unde
848 2660 1041 2714 profecta
1065 2666 1167 2708 erat,
1199 2660 1322 2701 rediit
1350 2658 1583 2712 disputatio
1606 2664 1763 2699 nostra.
1803 2657 1919 2699 Nam

299 2728 357 2769 ab
387 2729 556 2769 duobus
585 2729 856 2783 antiquorum
885 2734 1107 2769 auctorum
1136 2726 1255 2776 locis,
1292 2728 1404 2768 unde
1434 2726 1703 2780 potissimum
1731 2723 1920 2778 petenda

441 2813 453 2834 ¹
476 2811 537 2847 Cfr
559 2812 764 2854 Mommsen,
788 2812 894 2846 Rom.
919 2810 1048 2846 Gesch.
1074 2810 1133 2852 11⁸,
1157 2820 1191 2855 p.
1221 2808 1296 2844 260.
