1982 3288
417 219 479 250 DE
509 218 700 251 TRIBUN.
734 217 836 250 POT.
871 219 900 249 A
932 218 1082 250 SULLA
1116 218 1361 250 IMMINL'TA
1637 221 1687 262 27

83 345 362 400 περιελόντες),
398 357 495 384 eum
534 343 596 384 sic
633 343 842 384 iudicasse
878 348 1070 395 apparet,
1107 343 1234 383 etiam
1271 344 1411 396 priora
1440 344 1690 396 pertinuisse

85 414 141 453 ad
170 417 428 466 potestatem
458 423 604 451 eorum
633 410 928 456 coercendam,
961 410 1038 448 sed
1067 422 1152 449 non
1178 409 1298 449 facile
1317 410 1569 462 intelligitur,
1589 411 1690 464 quid

85 485 271 521 mutatus
300 478 342 519 in
372 477 553 518 comitiis
582 475 824 518 centuriatis
853 475 1038 527 suffragii
1071 475 1229 516 serendi
1251 478 1404 516 modus
1425 478 1479 516 ad
1500 478 1691 518 tribunos

85 545 493 588 circumscribendos
531 543 735 585 momenti
779 542 938 583 habere
981 542 1178 595 potuerit.
1251 542 1353 582 Mihi
1394 543 1565 596 quidem
1606 558 1690 584 non

82 612 258 654 dubium
288 613 466 660 videtur,
497 611 596 664 quin
626 611 660 651 si
690 609 918 664 Appianas
932 609 999 650 his
1016 609 1157 650 verbis
1175 609 1392 662 antiquam
1409 611 1688 651 centuriarum

82 680 414 734 descriptionem
452 677 690 730 significare
730 676 919 725 voluerit,
957 676 1014 718 ita
1045 683 1090 717 ut
1118 677 1169 723 ei,
1200 677 1270 730 qui
1301 682 1391 717 tum
1422 684 1523 723 erat,
1555 678 1687 717 ordini

82 753 382 801 opponeretur,
413 745 527 786 haud
556 758 738 797 magnae
767 745 805 785 ei
835 757 960 785 curae
989 743 1123 790 suerit,
1155 750 1201 784 ut
1230 744 1331 797 quid
1362 744 1523 784 dictum
1550 744 1687 790 vellet,

83 813 393 867 intelligeretur.

217 881 345 922 Dicet
383 879 563 921 fortasse
600 878 769 933 aliquis:
814 878 899 919 sint
936 877 1044 919 haec
1082 878 1152 925 ita,
1195 879 1272 918 sed
1310 877 1549 932 Appianas,
1586 879 1687 932 quid

81 954 278 989 auctores
312 947 375 988 sui
411 946 646 995 habuerint,
677 959 762 987 non
793 951 906 986 recte
936 944 1154 991 intellexit,
1186 946 1255 999 qui
1288 945 1371 987 hoc
1401 946 1539 999 ipsum
1573 946 1687 987 dixe-

83 1022 189 1065 runt,
227 1014 386 1056 Sullam
415 1015 457 1055 in
486 1013 781 1055 constituenda
810 1013 1077 1054 comitiorum
1109 1013 1270 1053 ratione
1303 1014 1359 1054 ad
1388 1013 1560 1066 antiqua
1586 1014 1688 1054 redi-

82 1088 171 1124 tum
208 1081 404 1124 voluisse.
463 1081 551 1123 Sed
585 1081 673 1122 iure
708 1081 937 1134 quaeritur:
978 1093 1065 1134 quo
1099 1081 1272 1121 tandem
1308 1080 1486 1122 consilio
1527 1080 1686 1121 Sullam

81 1150 265 1204 priscam
294 1149 407 1191 illam
437 1148 716 1191 centuriarum
746 1148 1074 1202 descriptionem
1106 1148 1327 1189 reduxisse
1350 1149 1584 1202 putandum
1608 1155 1687 1196 est,

81 1217 200 1259 cuius
228 1217 384 1259 iamdiu
413 1215 617 1258 memoria
647 1229 702 1256 ex
731 1215 882 1256 animis
911 1215 1131 1256 hominum
1162 1227 1298 1269 paene
1321 1214 1564 1257 oblitterata
1585 1222 1687 1263 erat,

81 1283 140 1328 ita
176 1290 222 1326 ut
256 1283 392 1339 qualis
433 1297 579 1324 revera
617 1289 733 1324 esset
773 1283 960 1336 quidque
988 1296 1039 1325 ea
1069 1290 1218 1336 posset
1247 1282 1371 1330 effici.
1409 1297 1464 1324 eo
1493 1290 1688 1337 tempore

81 1352 154 1393 vix
190 1351 414 1406 quisquam
451 1357 566 1392 recte
596 1350 856 1403 cogitatione
885 1350 965 1391 sibi
996 1349 1157 1402 fingere
1187 1350 1362 1404 posset?
1420 1351 1593 1393 Dictum
1623 1358 1689 1391 est

79 1418 190 1462 hanc
229 1418 368 1472 legem
404 1418 710 1472 impedimento
740 1417 841 1465 sore,
881 1431 935 1458 ne
965 1418 1136 1459 comitia
1166 1417 1400 1466 consulum,
1431 1425 1687 1472 praetorum,

80 1498 305 1528 censorum
334 1499 390 1527 ex
420 1485 628 1527 sententia
658 1484 923 1539 popularium
954 1481 1212 1526 evenirent¹.
1274 1485 1361 1526 Sed
1391 1486 1424 1527 si
1445 1486 1528 1527 hoc
1546 1493 1687 1527 actum

81 1559 160 1602 est,
191 1560 306 1595 certe
334 1554 390 1595 ad
420 1553 787 1607 exspectationem
819 1566 885 1593 res
915 1566 999 1593 non
1026 1553 1254 1606 respondit.
1302 1553 1414 1594 Nam
1432 1555 1586 1597 eodem
1606 1555 1687 1595 iam

80 1634 205 1670 ann0‚
243 1634 372 1675 quum
412 1619 527 1662 Sulla
563 1620 658 1674 ipso
697 1627 921 1674 praesente
958 1633 1009 1661 ac
1046 1634 1183 1674 prope
1221 1621 1487 1675 inspectante
1517 1622 1689 1662 comitia

79 1687 315 1729 consularia
344 1687 612 1736 haberentur,
642 1701 728 1729 non
757 1701 812 1728 ex
843 1688 1052 1729 sententia
1081 1688 1119 1728 ei
1151 1701 1218 1728 res
1247 1688 1394 1737 cessit:
1432 1689 1574 1743 itaque
1605 1702 1689 1730 non

79 1755 182 1797 satis
212 1754 388 1797 feliciter
409 1755 704 1808 excogitatum
722 1751 861 1808 n'eque
879 1754 1035 1796 efficax
1055 1754 1183 1796 fuisse
1198 1755 1240 1795 id
1262 1756 1493 1797 remedium
1513 1757 1686 1797 videtur.

80 1821 233 1878 Neque
261 1828 426 1877 postea,
457 1835 587 1876 quum
618 1821 734 1863 Sulla
763 1835 870 1863 unus
899 1823 954 1863 ad
984 1836 1107 1863 suum
1136 1823 1354 1864 arbitrium
1383 1825 1525 1865 omnia
1561 1825 1688 1865 admi-

79 1888 297 1939 nistrabat,
337 1890 530 1931 videmus
569 1890 610 1931 in
648 1889 831 1931 comitiis
860 1890 1104 1931 centuriatis
1132 1890 1216 1931 alio
1245 1892 1378 1932 modo
1407 1891 1563 1933 factam
1593 1905 1690 1933 esse

79 1955 375 2011 suffragiorum
415 1956 629 2005 lationem,
670 1970 799 2011 quam
834 1962 934 1998 ante
974 1958 1016 1998 id
1053 1964 1224 2012 tempus
1259 1965 1303 1999 et
1339 1965 1439 2012 post
1469 1959 1580 2000 facta
1609 1966 1686 2001 est.

82 2022 225 2078 Quum
269 2025 549 2066 centuriarum
593 2024 824 2078 descriptio
866 2031 966 2065 ante
1009 2026 1242 2066 secundum
1287 2026 1487 2079 punicum
1532 2026 1687 2084 belluni

79 2097 238 2133 novata
278 2098 356 2140 est,
397 2091 439 2133 id
474 2091 646 2146 quidem
685 2104 788 2132 sane
827 2091 974 2132 datum
1012 2092 1068 2133 sit
1105 2092 1166 2140 iis,
1206 2093 1278 2146 qui
1314 2093 1507 2148 populari
1539 2095 1686 2136 rationi

78 2158 321 2207 studebant,
361 2165 407 2200 ut
443 2158 644 2212 suffragia
679 2158 898 2199 hominum
939 2159 1079 2200 minus
1118 2159 1391 2214 locupletium
1426 2161 1468 2202 in
1506 2162 1688 2204 comitiis

79 2224 175 2280 plus
215 2239 343 2280 quam
379 2232 505 2267 antea
540 2221 761 2280 possent²,
807 2239 1066 2280 quamquam
1107 2228 1162 2268 de
1201 2241 1253 2268 ea
1294 2241 1467 2283 quoque
1508 2242 1552 2270 re
1582 2230 1689 2271 inter

78 2293 234 2335 doctos
263 2294 472 2334 dissensio
502 2299 587 2343 est;
612 2294 689 2334 sed
719 2299 863 2334 tamen
886 2306 1027 2348 neque
1050 2300 1150 2335 ante
1171 2294 1314 2336 Sullae
1336 2302 1532 2350 tempora
1550 2310 1690 2351 neque

78 2366 180 2415 post
207 2373 259 2403 ea
287 2373 546 2416 quemquam
570 2367 768 2414 questum
798 2374 895 2402 esse
913 2362 1207 2414 cognovimus,
1226 2364 1344 2416 quod
1362 2363 1429 2404 his
1447 2364 1487 2404 in
1505 2365 1688 2406 comitiis

217 2500 228 2520 ¹
252 2498 393 2541 LANGE,
425 2499 530 2535 Rom.
563 2499 633 2534 Alt.
665 2499 722 2541 111,
752 2510 783 2544 p.
820 2499 891 2535 126.
939 2499 1142 2542 Mommsen,
1174 2501 1279 2536 Rom.
1305 2502 1434 2538 Gesch.
1466 2503 1524 2544 11⁸,
1554 2514 1585 2549 p.
1612 2507 1686 2548 258.

77 2555 184 2597 Quae
208 2563 386 2601 praeterea
409 2567 430 2590 a
453 2555 682 2591 Mommsenio
707 2555 882 2601 disputata
907 2565 987 2591 sunt
1010 2557 1054 2592 de
1078 2565 1212 2592 mutata
1229 2568 1273 2593 eo
1291 2566 1451 2604 tempore
1468 2558 1685 2596 fortunarum

77 2611 239 2646 omnium
264 2611 472 2647 condicione
495 2612 607 2658 deque
633 2623 800 2647 censuum
827 2612 976 2647 summis
1000 2613 1044 2648 ad
1069 2624 1192 2648 eorum
1219 2623 1421 2660 temporum
1446 2616 1599 2652 rationes
1615 2628 1686 2651 non

77 2668 371 2709 accommodatis,
395 2678 436 2702 ea
460 2667 573 2715 magis
599 2668 731 2703 infinite
756 2677 791 2703 et
816 2668 976 2704 universe
999 2669 1091 2704 dicta
1117 2670 1288 2712 videntur,
1312 2682 1418 2717 quam
1443 2680 1481 2706 ut
1506 2672 1586 2707 inde
1603 2674 1686 2708 certi

78 2723 207 2770 aliquid
232 2722 322 2758 effici
348 2723 467 2769 possit.

214 2790 227 2811 ²
251 2790 372 2826 Dion.
405 2791 492 2826 Hal.
523 2801 556 2834 4,
581 2801 633 2828 21.
680 2791 742 2828 Csr
766 2793 968 2834 ΜοΜΜεεκ,
994 2794 1097 2830 Rom.
1122 2794 1264 2830 staatsr.
1291 2795 1347 2836 111,
1372 2806 1403 2840 p.
1430 2805 1510 2840 27o;
1547 2797 1687 2836 Laxos.

78 2846 183 2883 Rom.
210 2846 281 2881 Alt.
308 2846 348 2889 11,
373 2857 405 2892 p.
435 2857 507 2891 5¹3-
