1982 3288
274 204 321 245 14
902 200 932 243 J.
967 200 1012 232 M.
1046 192 1236 233 summu

266 334 472 381 praetura,
503 333 547 368 et
577 327 677 380 quid
697 326 865 369 attinuit
887 326 986 367 addi
1012 326 1263 368 Ciceronem
1288 328 1420 368 trinos
1445 327 1568 369 ludos
1593 327 1743 370 secisse
1759 329 1873 371 aedi·

266 394 360 440 lem,
400 394 477 435 nisi
514 407 565 436 ea
605 394 763 436 inesset
798 394 1020 443 sententia,
1061 394 1311 436 Ciceronem
1343 394 1525 436 aedilem
1556 395 1679 437 ludos
1709 396 1872 447 seciae.

268 461 501 502 Antonium
533 474 616 502 non
647 460 772 503 item?
803 461 911 515 Ego,
942 462 1076 515 inquit
1105 461 1269 509 Cicero,
1303 462 1383 503 hac
1402 475 1447 503 re
1469 468 1514 503 te
1533 463 1724 518 superior
1743 477 1872 514 eram,

266 529 380 582 quod
410 528 612 570 trinorum
643 528 835 571 ludorum
880 542 1052 570 munere
1091 530 1366 583 cupiditatem
1404 529 1549 583 populi
1584 530 1871 585 expleveram,

265 595 412 638 aedilis
449 609 532 649 ego
562 596 747 649 quidem,
778 609 916 649 neque
946 602 991 637 ut
1021 595 1089 636 ille
1118 596 1159 636 in
1190 603 1398 650 praetura,
1429 610 1567 650 neque
1597 603 1717 640 mnto
1745 611 1873 652 appa-

266 669 356 705 ratu
385 670 590 716 tantoque
619 670 802 716 sumptu,
834 664 909 704 sed
940 670 1083 704 tamen
1113 675 1240 704 causa
1269 664 1371 705 mihi
1401 671 1492 705 erat
1521 665 1708 713 timendi.
1738 677 1793 707 ne
1814 679 1871 707 ex

264 731 472 772 sententia
503 744 569 771 res
593 744 678 771 non
702 731 891 771 eveniret
913 736 1089 783 propter
1112 729 1365 782 elegantiam
1389 744 1440 772 ac
1464 731 1735 786 splendorem
1759 731 1875 774 ludo-

264 811 352 838 rum
385 797 578 847 Antonin
610 804 770 851 quanto
801 797 935 838 maius
965 797 1071 838 inter
1101 803 1143 838 te
1173 804 1217 839 et
1248 797 1467 839 Murenam
1495 806 1562 840 est
1590 798 1840 842 discrimen?

398 865 544 917 Itaque
583 865 617 905 si
658 864 871 905 Antonius
913 863 1061 905 aedilis
1099 877 1182 905 non
1224 864 1309 911 suit,
1349 864 1462 906 nulla
1505 872 1572 907 oet
1600 879 1740 915 causa,
1771 867 1873 922 quin

262 932 499 973 tribunatus
528 931 617 972 eius
647 932 688 972 in
717 945 873 972 annum
903 928 1067 984 6841‘70
1093 931 1332 973 conseratur
1349 938 1422 973 aut
1444 932 1486 974 in
1509 932 1692 987 aliquem
1711 947 1872 986 eorum,

263 999 332 1052 qui
364 999 560 1053 proxime
589 999 722 1040 secuti
756 1005 864 1040 sunt.
915 998 1067 1053 Neque
1095 998 1129 1039 si
1156 1006 1422 1054 compertum
1449 999 1668 1049 habemus,
1689 1002 1872 1044 eundem

263 1066 498 1108 Antonium
539 1080 576 1107 a.
617 1064 721 1118 684!
727 1076 782 1119 70
809 1080 835 1107 a
865 1065 1003 1108 Gellio
1038 1073 1082 1107 et
1122 1066 1302 1108 Lentulo
1332 1067 1580 1108 censoribus
1607 1075 1756 1110 senatu
1785 1081 1874 1110 mo-

261 1140 350 1175 tum
392 1130 534 1182 esse¹‚
566 1134 663 1175 inde
699 1133 1038 1175 concludendum
1068 1141 1135 1175 est
1163 1147 1249 1175 non
1278 1147 1409 1188 posse
1438 1148 1535 1176 eum
1565 1133 1637 1176 illo
1664 1148 1777 1177 anno
1806 1135 1873 1178 tri-

261 1201 419 1242 bunum
455 1201 603 1251 suisse;
635 1214 733 1242 nam
764 1207 933 1243 constat
962 1214 1038 1242 eos
1068 1214 1251 1255 quoque,
1283 1202 1353 1255 qui
1385 1202 1425 1242 in
1446 1202 1696 1256 magistratu
1715 1208 1872 1254 esaan.

261 1275 388 1310 notae
418 1269 635 1310 censoriae
666 1269 895 1321 ignominia
923 1268 1036 1310 affici
1067 1269 1270 1322 potuisse.
1302 1282 1440 1323 neque
1470 1270 1625 1311 desunt
1658 1269 1871 1325 exempla,

260 1349 517 1390 quamquam
558 1336 751 1377 nimirum
793 1336 906 1377 haud
935 1336 1066 1377 multa
1096 1343 1205 1384 sunt,
1235 1349 1260 1377 e
1294 1343 1443 1378 senatu
1473 1337 1703 1379 eiectorum
1734 1336 1801 1379 vel
1829 1338 1873 1379 in

260 1404 442 1457 legendo
473 1404 796 1457 praeteritorum
826 1417 911 1444 non
941 1404 1071 1444 modo
1109 1403 1285 1444 aliorum
1324 1404 1647 1456 magistratuum
1661 1400 1693 1454 ²,
1725 1417 1873 1447 venun

260 1472 388 1512 etiam
420 1470 684 1511 tribunorum
701 1466 730 1511 ³.

395 1535 525 1579 Aliud
556 1551 658 1578 vero
688 1538 815 1591 idque
846 1537 1132 1579 firmissimum
1162 1538 1264 1579 mihi
1294 1538 1462 1579 videtur
1489 1538 1627 1579 afferri
1657 1551 1788 1593 posse
1811 1551 1872 1581 an-

260 1612 521 1658 gumentum,
553 1619 627 1646 cur
657 1605 893 1646 Antonium
922 1618 959 1646 a.
990 1603 1092 1657 683!
1099 1615 1144 1658 71
1172 1605 1385 1646 tribunum
1406 1619 1492 1646 non
1512 1605 1640 1647 fuisse
1658 1612 1871 1660 putemus,

261 1679 476 1726 sumptum
527 1686 583 1713 ex
632 1672 715 1713 alio
756 1673 943 1725 quodam
992 1671 1114 1713 titulo
1154 1673 1419 1722 brevissimo,
1469 1680 1690 1727 praeterea
1725 1686 1780 1715 ne
1813 1685 1871 1715 eo

261 1740 431 1794 quidem
456 1740 581 1793 plene
605 1736 814 1781 servato⁴.
849 1739 917 1780 Ex
942 1753 994 1780 eo
1015 1740 1316 1792 cognoscimus
1342 1739 1389 1781 L.
1411 1741 1624 1794 quendam
1646 1740 1870 1782 Volceium

261 1807 327 1848 vel
359 1807 602 1848 Volcatium
622 1807 687 1848 vel
714 1807 925 1848 Vinicium
954 1831 1008 1837 —-
1038 1821 1194 1848 nomen
1224 1807 1335 1848 enim
1366 1808 1504 1861 ipsum
1525 1813 1694 1862 praeter
1712 1808 1871 1862 primas

261 1875 420 1916 litteras
450 1875 610 1916 excidit
640 1888 777 1928 neque
807 1874 890 1927 legi
920 1881 1065 1928 potest
1094 1899 1148 1904 —
1178 1881 1417 1916 curatorem
1440 1875 1614 1923 viarum,
1635 1875 1726 1916 sive
1745 1888 1871 1929 aqua-

260 1957 350 1984 rum
393 1942 480 1991 suit,
519 1956 574 1983 ex
613 1942 707 1995 lege
747 1941 922 1983 Visellia
958 1956 1069 1996 opus
1107 1943 1324 1996 quoddam
1363 1942 1458 1983 viae
1497 1942 1750 1983 muniendae
1779 1955 1871 1996 per·

398 2049 409 2070 ¹
435 2049 530 2084 Asc.
557 2048 591 2082 in
619 2055 700 2094 tog.
729 2047 849 2082 cand.
876 2057 908 2092 p.
936 2057 975 2092 75
1004 2046 1131 2083 Kiessl.

397 2105 410 2125 ²
434 2104 541 2138 Velut
573 2111 773 2149 praetorem
811 2103 963 2138 eiectum
988 2114 1019 2138 a.
1047 2103 1189 2148 5801174
1213 2110 1330 2138 narrat
1354 2102 1428 2138 Liv.
1452 2112 1509 2147 41,
1533 2113 1587 2149 27,
1611 2113 1644 2139 2.
1689 2101 1759 2139 Cfr.
1783 2101 1870 2139 Liv.

261 2163 314 2205 28,
343 2162 392 2204 18,
417 2171 450 2204 4,
474 2160 533 2196 ubi
557 2168 723 2206 quaestor
739 2171 769 2194 a.
791 2162 933 2203 540.'2¹4
953 2170 973 2194 a
990 2158 1192 2194 censoribus
1210 2169 1302 2205 equo
1319 2159 1487 2205 adempto
1502 2159 1594 2194 tribu
1609 2166 1729 2195 motus
1743 2158 1870 2194 aerari·

259 2228 370 2264 usque
394 2216 507 2267 factus
533 2216 688 2251 traditur.

396 2274 410 2294 ³
432 2274 514 2308 Duo
551 2272 678 2307 saltem
715 2271 876 2317 exempla
905 2271 1088 2314 habemus,
1111 2283 1222 2306 unum
1245 2272 1311 2307 Cr..
1336 2271 1520 2307 Tremellii
1543 2283 1574 2307 a.
1601 2271 1742 2316 5862168
1764 2272 1869 2316 (Liv-

258 2341 314 2374 45,
341 2340 392 2375 15,
415 2330 466 2375 9),
489 2329 639 2363 alterum
664 2328 704 2362 C.
730 2327 839 2362 Atinii
864 2326 1037 2362 Labeonis
1060 2338 1090 2362 a.
1113 2327 1255 2373 6231131
1282 2327 1388 2372 (Liv.
1413 2338 1467 2373 ep.
1494 2337 1545 2374 59.
1584 2327 1669 2363 Cic.
1693 2328 1741 2363 de
1758 2328 1869 2365 dom.

259 2396 314 2431 47,
353 2395 422 2430 ¹²3-
469 2384 571 2420 Plin.
596 2384 640 2419 H.
663 2385 707 2419 N.
733 2393 764 2428 7,
787 2393 843 2427 44,
873 2384 960 2429 ¹43)-
1008 2383 1191 2418 Praeterea
1221 2383 1291 2418 Dio
1321 2383 1464 2419 Cassius
1485 2383 1560 2428 (4ο,
1582 2384 1645 2428 63)
1669 2392 1792 2434 auctor
1815 2391 1870 2419 est

261 2442 415 2488 Appium
451 2440 641 2476 Claudium
678 2450 859 2474 censorem
890 2451 920 2474 a.
946 2441 1069 2485 7o4l5o
1095 2439 1252 2474 voluisse
1274 2439 1316 2475 C.
1340 2438 1530 2474 Curionem
1554 2439 1732 2474 tribunum
1758 2438 1869 2486 plebis

260 2506 382 2533 senatu
407 2507 565 2539 movere,
589 2497 651 2531 sed
676 2507 696 2530 a
721 2495 857 2542 collega
881 2507 958 2530 esse
981 2495 1208 2542 prohibitum,
1231 2495 1398 2542 idemque
1418 2503 1536 2530 narrat
1558 2496 1632 2540 (37,
1648 2497 1688 2541 9)
1705 2499 1868 2531 censor&

260 2554 340 2588 anni
364 2553 487 2598 69ol64
509 2563 554 2587 ne
578 2560 738 2586 senatum
763 2551 930 2598 legerent,
954 2563 974 2586 a
999 2551 1144 2586 tribunis
1169 2551 1364 2596 prohibitos
1387 2561 1465 2586 esse
1489 2551 1795 2595 metuentibus,
1816 2560 1868 2586 ne

262 2610 342 2655 ipsi
367 2610 624 2644 eicerentur.
1410 2606 1415 2613 “

397 2666 411 2685 ⁴
435 2664 476 2700 C.
500 2664 525 2698 I.
550 2663 587 2698 L.
613 2663 639 2706 1,
662 2664 731 2698 N:o
758 2673 832 2709 593,
857 2673 890 2708 p.
919 2672 1059 2707 171—2.
1107 2662 1248 2697 Titulus
1281 2670 1335 2696 est
1357 2662 1430 2697 hic:
1456 2665 1495 2698 L.
1532 2665 1663 2700 V.
1681 2663 1779 2708 (trib.
1802 2663 1867 2710 pl.)

260 2735 330 2756 cur.
355 2724 439 2757 viar.
465 2734 506 2755 ex
529 2723 597 2764 lege
627 2722 758 2753 Vt'sellia
783 2722 821 2753 de
842 2722 926 2753 conl.
949 2725 1030 2752 sent.
1059 2721 1117 2754 Cn.
1145 2720 1287 2758 Corneli,
1314 2720 1379 2760 Qu.
1399 2721 1519 2759 Marci,
1534 2721 1575 2754 L.
1591 2721 1726 2758 Hesus,
1743 2720 1780 2754 C.
1797 2721 1865 2753 An-

261 2781 340 2817 toni,
379 2779 414 2812 C.
440 2778 608 2815 Fundani,
649 2777 684 2810 C.
710 2777 831 2818 Popili,
867 2776 915 2809 Μ.
945 2777 1065 2814 Valeri,
1105 2776 1139 2808 C.
1163 2776 1257 2813 Anti,
1291 2775 1356 2816 Qu.
1385 2776 1514 2809 Caecili.
1563 2777 1659 2818 Opus
1679 2780 1808 2808 constat
1830 2787 1864 2809 n.

261 2837 384 2877 viginti
405 2846 472 2866 uno
495 2834 631 2865 milibus
653 2834 864 2874 septuaginta
889 2833 1027 2864 duobus.
