1982 3288
302 235 352 265 22
933 232 962 274 J.
997 232 1043 263 M.
1076 224 1263 264 suxistis

299 361 379 400 iam
421 360 489 399 diu
523 360 562 400 in
600 358 793 400 manibus
823 359 969 401 suisset
1000 359 1216 400 hominum
1247 358 1505 399 assentando
1534 366 1578 400 et
1609 359 1819 401 blanditiis
1849 360 1900 401 sa·

300 440 443 467 vorem
475 426 750 468 multitudinis
779 427 1052 480 captantium,
1084 433 1127 468 et
1157 427 1352 467 miseram
1383 439 1502 466 suam
1524 426 1800 480 collegaeque
1825 426 1899 468 sor·

299 501 457 542 tunam,
503 495 572 548 qui
618 495 672 535 ad
719 507 766 535 se
811 501 940 547 atque
973 493 1276 547 rempublicam
1307 492 1619 534 defendendam
1652 494 1689 534 vi
1720 494 1900 547 grassari

299 562 434 602 coacti
480 568 634 603 essent.
708 562 874 602 Deinde
914 568 1144 614 sequuntur
1183 561 1306 602 haec:
1353 559 1565 616 ἐσηγουντό
1606 575 1646 603 τε
1685 561 1808 618 μηδὲν
1847 560 1902 603 ἔτι

299 627 619 684 ἁπροβουλευτον
655 629 696 676 ἐς
739 630 804 670 τὸν
842 627 968 684 δῆμον
1009 627 1261 685 ἐσφέρεσθαι,
1301 632 1574 685 νενομισμένον
1604 632 1674 684 μὲν
1704 627 1807 672 οὕτω
1835 631 1903 672 καὶ

298 696 435 745 παλαι,
470 697 796 752 παραλελυμένον
826 695 861 737 δ’
883 694 930 737 ἐκ
960 696 1123 745 πολλου,
1153 697 1222 736 καὶ
1251 697 1324 743 τὰς
1351 699 1592 752 χειροτονίας
1617 699 1674 753 μὴ
1695 698 1799 739 κατὰ
1827 710 1903 755 φυ-

297 763 374 809 λὰς
416 761 524 804 ἀλλὰ
559 764 663 804 κατὰ
692 761 855 818 λόχους,
885 761 941 809 ὡς
970 760 1142 809 Τυλλιος
1172 763 1363 817 βασιλεὺς
1390 761 1518 811 ἔταξε,
1546 766 1765 817 γίγνεσθαι,
1793 766 1904 821 νομί·

297 844 434 876 σαντες
465 830 531 871 διὰ
561 830 667 872 δυοῖν
697 829 824 871 τοῖνδε
855 828 942 871 οὔτε
972 832 1091 885 νόμον
1121 827 1263 872 οὐδένα
1293 831 1369 884 πρὸ
1400 836 1474 886 τῆς
1503 831 1655 887 βουλῆς
1674 830 1719 879 ἐς
1738 833 1782 873 τὸ
1797 832 1903 888 πλῇ-

296 900 372 943 θος
403 896 666 953 ἐσφερόμενον
697 895 783 939 οὔτε
816 899 887 943 τὰς
916 898 1160 953 χειροτονίας
1191 894 1231 938 ἂν
1261 902 1341 943 τοῖς
1370 899 1510 953 πάνησι
1538 899 1607 940 καὶ
1638 900 1905 954 θρασυτάτοις

296 963 380 1005 ἀντὶ
423 970 498 1005 τῶν
528 963 567 1006 ὲν
596 966 801 1020 περιουσία
830 966 898 1006 καὶ
928 962 1111 1019 εὐβουλία
1139 967 1372 1020 γιγνομένας
1401 963 1540 1006 δώσειν
1570 963 1625 1007 ἔτι
1653 968 1826 1008 στάσεων
1855 965 1905 1009 ἀ-

297 1034 469 1088 φορμάς.
510 1032 643 1074 πολλά
663 1046 703 1073 τε
734 1030 843 1074 ἄλλα
872 1039 943 1088 τῆς
973 1039 1047 1074 τῶν
1077 1031 1296 1089 δημάρχων
1326 1032 1460 1089 ἀρχῆς
1478 1039 1712 1089 τυραννικῆς
1730 1035 1904 1089 μάλιστα

295 1102 561 1156 γεγενημένης
603 1100 849 1155 περιελόντες
891 1099 1107 1148 κατέλεξαν
1138 1098 1183 1148 ἐς
1212 1101 1256 1142 τὸ
1285 1100 1575 1156 βουλευτήριον,
1605 1098 1907 1156 ὀλιγανθρωπό-

296 1179 411 1208 τατον
442 1166 492 1222 δὴ
523 1170 608 1209 τότε
639 1167 814 1223 μάλιστα
844 1165 886 1209 ὃν
915 1169 983 1209 καὶ
1003 1168 1111 1222 παρὰ
1139 1167 1243 1209 τοῦτ’
1265 1166 1621 1224 εὐκαταφρόνητον,
1650 1165 1830 1222 ἀθρόους
1858 1165 1906 1211 ἐκ

297 1240 370 1275 τῶν
401 1232 569 1289 ἀρίστων
599 1236 862 1290 τριακοσίους.

428 1306 548 1348 Haec
591 1307 715 1360 igitur
754 1308 940 1349 maxime
975 1309 1030 1349 ad
1071 1307 1375 1361 rempublicam
1405 1307 1702 1349 stabiliendam
1731 1321 1758 1349 a
1786 1307 1903 1351 Sulla

294 1374 405 1415 sacta
450 1382 779 1416 commemorat:
827 1376 1007 1429 primum
1052 1377 1158 1416 duas
1203 1375 1447 1428 rogationes
1492 1374 1611 1422 latas,
1641 1374 1820 1417 alteram
1849 1388 1904 1417 ne

294 1442 395 1494 quid
443 1448 594 1495 postea
633 1443 687 1483 ad
717 1442 922 1496 populum
953 1442 1128 1484 serretur
1157 1442 1234 1483 nisi
1264 1443 1319 1483 de
1348 1448 1521 1483 senatus
1550 1442 1773 1491 sententia,
1803 1442 1903 1485 alte·

294 1522 381 1549 ram
432 1516 476 1549 ut
521 1509 560 1549 in
606 1510 788 1550 comitiis
834 1510 1111 1558 centuriatim,
1143 1523 1228 1550 non
1258 1509 1446 1551 tributim
1476 1509 1660 1563 populus
1690 1510 1731 1551 in
1760 1509 1903 1551 suffra-

293 1577 408 1628 gium
438 1576 693 1627 mitteretur;
724 1583 813 1618 tum
843 1577 934 1618 aliis
964 1577 1104 1619 multis
1134 1578 1175 1618 in
1206 1576 1331 1618 rebus
1359 1576 1624 1618 tribuniciam
1645 1582 1904 1630 potestatem

293 1657 388 1684 esse
419 1644 699 1694 imminutam;
731 1651 951 1698 postremo
980 1652 1151 1686 auctum
1181 1651 1354 1685 senatus
1383 1657 1603 1685 numerum
1626 1644 1828 1686 trecentis
1845 1657 1903 1687 ex

293 1711 466 1764 optimis
511 1711 608 1751 viris
655 1712 695 1752 in
731 1725 828 1752 eum
859 1713 1050 1752 ordinem
1081 1711 1213 1753 lectis.
1275 1711 1395 1752 Haec
1425 1724 1556 1765 quum
1586 1724 1672 1752 non
1700 1711 1758 1753 ab
1785 1712 1901 1754 omni

293 1785 413 1831 parte
449 1778 630 1819 dilucide
665 1780 864 1832 exposita
893 1780 988 1827 sint,
1020 1780 1096 1820 sed
1127 1779 1315 1820 habeant
1343 1780 1398 1819 de
1421 1779 1575 1832 quibus
1595 1778 1777 1820 dubitari
1805 1792 1902 1834 pos·

293 1845 358 1893 sit,
404 1852 493 1886 tum
532 1847 618 1886 duo
657 1853 765 1894 sunt,
802 1860 912 1900 quae
942 1846 1252 1900 diligentiorem
1282 1846 1614 1900 disputationem
1643 1846 1900 1895 desiderent,

294 1926 422 1953 unum
452 1913 553 1966 quid
584 1913 706 1954 fuerit
735 1914 776 1954 in
806 1914 909 1967 ipsis
939 1914 1231 1966 rogationibus
1260 1914 1478 1967 scriptum,
1498 1913 1677 1954 alterum
1696 1927 1783 1967 quo
1800 1919 1903 1955 tem-

293 1994 398 2034 pore
435 1980 518 2020 sint
553 1980 647 2021 illae
684 1980 814 2030 latae;
859 1981 1085 2035 Appianus
1132 1981 1243 2022 enim
1273 1995 1347 2022 eas
1378 1981 1478 2022 facit
1506 1980 1711 2022 serentem
1741 1979 1903 2024 Sullam

292 2048 475 2101 primum
505 2047 724 2088 consulem
753 2062 789 2089 a.
821 2043 996 2096 666,s88,
1027 2062 1113 2089 non
1143 2048 1303 2090 Sullam
1333 2049 1586 2089 dictatorem
1615 2062 1653 2089 a.
1683 2044 1858 2101 673l81.

428 2115 496 2155 Ac
540 2116 722 2168 primum
767 2116 940 2169 quidem
984 2117 1039 2156 de
1085 2116 1252 2156 duabus
1298 2115 1377 2156 illis
1407 2115 1712 2169 rogationibus,
1741 2115 1778 2157 si
1806 2115 1903 2169 quis

294 2182 406 2222 nulla
452 2190 728 2236 praesumpta
766 2183 966 2236 opinione
1004 2197 1054 2224 ea
1090 2190 1269 2237 reputat.
1309 2197 1420 2236 quae
1449 2184 1504 2224 de
1534 2184 1583 2224 iis
1611 2183 1668 2224 ab
1696 2181 1902 2236 Appiano

293 2256 460 2290 narrata
506 2256 614 2298 sunt,
663 2251 724 2291 sic
762 2250 928 2291 videtur
962 2264 1057 2291 esse
1087 2251 1430 2292 existimandum.
1490 2250 1630 2291 Priore
1657 2249 1728 2291 illa
1755 2250 1811 2291 de
1839 2263 1902 2291 se·

294 2323 394 2357 natu
425 2331 552 2370 super
582 2317 747 2370 legibus
776 2324 875 2358 ante
904 2317 1167 2358 consulendo
1196 2318 1238 2358 id
1272 2324 1415 2359 actum
1445 2324 1523 2367 ost,
1553 2323 1600 2358 ut
1621 2317 1827 2371 quidquid
1846 2318 1903 2358 ad

293 2384 499 2437 populum
530 2384 716 2434 ferretur,
742 2399 767 2425 a
797 2392 946 2426 senatu
976 2392 1075 2426 ante
1104 2385 1414 2439 disceptaretur
1426 2391 1556 2439 atque
1578 2384 1901 2438 approbaretur,

295 2465 347 2491 eo
395 2451 557 2492 scilicet
600 2452 790 2501 consilio,
839 2458 885 2493 ut
914 2454 1031 2506 quod
1060 2452 1223 2506 optima
1252 2452 1468 2506 republica
1496 2465 1667 2505 semper
1697 2451 1902 2493 Romanis

294 2519 336 2559 in
366 2520 672 2560 consuetudine
711 2520 857 2569 suerat,
896 2519 956 2560 sic
987 2526 1260 2560 renovaretur
1286 2526 1416 2573 atque
1443 2518 1540 2572 lege
1569 2519 1900 2560 confirmaretur.

295 2586 407 2626 Nam
455 2600 507 2626 eo
550 2593 757 2640 tempore,
806 2601 936 2640 quum
982 2587 1203 2641 disciplina
1247 2586 1503 2640 reipublicae
1547 2587 1769 2627 Romanae
1803 2599 1902 2628 cum

296 2667 462 2694 summa
509 2654 690 2694 civitatis
734 2654 870 2695 salute
907 2661 999 2695 erat
1027 2668 1083 2694 ex
1112 2660 1329 2708 potestate
1357 2655 1694 2708 magistratuum,
1723 2667 1779 2695 ex
1807 2666 1904 2694 auc-

294 2721 466 2761 toritate
512 2727 696 2771 senatus,
742 2735 797 2761 ex
842 2722 1065 2762 maiestate
1108 2721 1255 2775 populi
1290 2722 1452 2775 optime
1481 2728 1731 2775 temperata,
1769 2733 1899 2774 quum

296 2788 526 2828 constituta
572 2788 678 2829 inter
722 2789 837 2829 cives
881 2789 979 2829 iuris
1013 2788 1313 2842 aequabilitate
1342 2789 1605 2830 domesticae
1634 2802 1701 2829 roe
1729 2801 1901 2841 compo-

296 2855 375 2896 site
423 2862 466 2896 et
512 2856 653 2908 quiete
697 2856 966 2908 agitabantur
1000 2862 1044 2896 et
1071 2870 1204 2909 penes
1234 2863 1428 2897 senatum
1457 2862 1548 2897 erat
1576 2869 1722 2896 revera
1750 2868 1901 2895 omnes
