1982 3288
310 177 355 215 ιδ
917 182 947 224 J.
981 182 1028 214 M.
1061 174 1251 215 sonori<

300 304 386 339 tam
426 312 460 337 a.
501 298 676 349 684170,
714 303 940 350 propterea
976 298 1092 351 quod
1121 310 1174 338 eo
1203 310 1315 338 anno
1345 311 1544 338 censores
1574 298 1614 338 in
1643 297 1814 340 civitate
1844 299 1897 339 fu-

300 366 417 410 erint,
458 378 482 404 a
527 363 680 417 quibus
710 363 915 419 impulsus
950 363 1141 406 tribunus
1170 364 1319 418 aliquis
1351 364 1471 405 facile
1499 364 1765 406 existimetur
1794 364 1901 420 legis

299 431 582 485 sumptuariae
611 438 759 473 auctor
788 431 1016 482 exstitisse,
1049 431 1301 473 haberemus
1331 439 1458 478 certe,
1489 432 1599 472 unde
1629 430 1806 486 profecti
1830 445 1896 475 an-

299 512 397 540 num
445 498 550 551 legis
596 498 887 549 definiremus;
936 499 1042 540 haec
1091 512 1192 540 vero
1236 499 1490 547 coniectura,
1521 499 1715 552 quamvis
1746 512 1822 552 per
1850 512 1899 541 se

298 566 410 607 haud
439 565 729 620 improbabilis
758 567 824 615 sit,
855 580 939 607 non
970 567 1010 607 in
1046 572 1132 607 tam
1158 566 1280 607 firmo
1310 566 1584 607 fundamento
1608 566 1772 607 videtur
1795 566 1895 607 mihi

297 634 448 687 posita,
489 640 534 675 ut
571 633 726 687 aliquid
766 647 844 687 pro
879 640 996 675 certo
1027 633 1235 675 affirmare
1264 634 1410 675 ausim.
1473 633 1622 686 Neque
1651 633 1896 675 omninoid

296 701 419 742 nobis
466 701 776 754 proposuimus,
826 707 870 742 ut
907 701 1043 755 ipsum
1075 700 1310 742 tribunatus
1339 714 1484 742 eorum
1521 700 1681 752 legisve
1711 700 1801 741 eius
1827 714 1895 743 an·

295 782 393 809 num
425 768 657 816 finiremus3
690 768 731 808 id
762 774 924 809 tantum
955 767 1181 821 probatum
1212 766 1432 816 voluimus,
1462 781 1547 809 non
1577 781 1672 808 esse
1701 780 1799 808 eum
1827 780 1897 809 an·

294 849 392 876 num
423 842 521 875 ante
553 835 787 875 restitutam
823 834 1087 876 tribuniciam
1118 840 1377 888 potestatem
1406 832 1692 888 ponendum¹.

429 902 574 955 Itaque
622 908 666 942 ut
706 914 792 942 rem
833 901 949 942 brevi
986 901 1360 955 comprehendam,
1397 902 1451 942 de
1481 901 1705 957 plebiscito
1735 900 1806 943 illo
1840 902 1896 943 de

293 969 590 1010 'l'ermessibus
619 969 704 1009 duo
734 969 930 1009 docuisse
960 968 1084 1009 nobis
1115 969 1317 1016 videmur,
1347 975 1391 1010 et
1419 982 1484 1017 m.
1508 981 1617 1022 quae
1634 970 1689 1010 de
1718 968 1896 1011 consilio

291 1050 341 1077 ac
373 1035 589 1077 voluntate
618 1035 724 1087 legis
754 1036 926 1088 cognita
956 1035 1175 1084 habemus,
1206 1034 1305 1077 nihil
1335 1035 1486 1077 afferre
1514 1036 1790 1084 necessitatis.
1821 1048 1897 1078 cur

292 1103 332 1144 in
361 1116 518 1144 annum
547 1100 649 1155 683!
656 1114 722 1156 71,
754 1103 795 1143 id
826 1103 941 1157 quod
971 1116 1081 1144 nunc
1112 1102 1301 1157 plerique
1330 1104 1518 1151 credunt,
1549 1101 1618 1144 lex
1650 1102 1894 1153 coniciatur,

290 1177 333 1212 et
363 1184 426 1218 ea,
463 1184 572 1225 quae
601 1172 655 1211 de
685 1170 865 1211 latorum
894 1177 1089 1224 tempore
1119 1170 1361 1212 coniectura
1387 1170 1557 1224 assequi
1578 1182 1821 1225 possumus,
1835 1170 1895 1213 ita

289 1252 384 1278 esse
428 1245 687 1292 comparata,
734 1244 778 1279 ut
821 1237 1062 1290 diligentius
1098 1251 1184 1278 rem
1225 1238 1506 1280 consideranti
1542 1237 1647 1278 satis
1689 1243 1896 1292 appareat

290 1305 395 1354 illos,
436 1306 506 1359 qui
545 1305 683 1358 legem
714 1305 908 1353 tulerunt,
944 1319 997 1346 eo
1031 1318 1144 1346 anno
1174 1318 1259 1346 non
1289 1305 1415 1347 fuisse
1444 1305 1646 1346 tribunos.
1708 1304 1829 1347 Haec
1855 1305 1893 1347 si

291 1374 348 1414 ita
391 1379 500 1421 sunt.
538 1386 675 1426 neque
715 1373 905 1426 superior
939 1386 1073 1414 annus
1103 1372 1206 1414 satis
1235 1372 1467 1426 probabilis
1497 1373 1674 1420 videtur.
1705 1371 1895 1427 sequitur

289 1439 427 1492 legem
468 1446 619 1494 postea
657 1441 830 1481 demum
861 1439 989 1481 latam
1019 1453 1114 1481 esse
1149 1454 1202 1481 eo
1233 1447 1439 1494 tempore.
1470 1453 1600 1493 quum
1629 1439 1784 1482 tribuni
1813 1439 1891 1495 pri-

288 1508 396 1549 stina
427 1521 502 1561 per
532 1507 779 1561 Pompeium
810 1514 1025 1561 potestate
1056 1514 1303 1561 recuperata
1333 1521 1473 1548 rursus
1502 1508 1565 1548 ius
1597 1506 1738 1559 legum
1762 1506 1893 1549 feren·

287 1577 436 1616 darum
471 1574 689 1616 haberent.

1047 1732 1115 1773 111.

420 1866 618 1918 Langeus
648 1872 803 1915 autem,
834 1866 918 1907 hoc
949 1879 1032 1906 uno
1062 1866 1271 1920 plebisciti
1302 1867 1357 1907 de
1386 1865 1682 1906 Termessibus
1700 1866 1887 1907 testimo-

231 1954 234 1957 ·
283 1933 352 1973 nio
400 1947 484 1973 non
521 1940 757 1982 contentus,
803 1933 906 1974 alias
953 1947 1124 1987 quoque
1170 1933 1289 1987 leges
1328 1934 1406 1974 sibi
1446 1933 1631 1974 invenire
1662 1933 1777 1974 visus
1806 1939 1885 1982 est,

283 2014 388 2054 quas
419 2001 526 2041 inter
554 2001 638 2041 hoc
669 2001 919 2042 decennium
949 2014 975 2041 a
1004 2001 1181 2042 tribunis
1210 2001 1348 2055 plebis
1378 2006 1550 2053 rogatas
1579 2008 1765 2049 censoet,
1795 2001 1887 2051 sed,

283 2075 328 2108 ut
373 2068 495 2109 sacile
541 2075 732 2122 apparet,
770 2068 1067 2109 infirmioribus
1109 2069 1238 2110 etiam
1277 2068 1509 2108 rationibus
1537 2068 1701 2109 ductus.
1761 2066 1887 2124 Quae

281 2136 452 2188 quidem
496 2135 614 2188 leges
658 2136 699 2176 in
738 2136 780 2175 id
809 2142 979 2189 tempus
1008 2135 1187 2177 conferri
1215 2142 1405 2190 possent,
1436 2135 1469 2176 si
1500 2142 1661 2176 certum
1689 2141 1885 2177 essetac

280 2203 506 2256 probatum
550 2203 727 2244 tribunis
756 2210 846 2244 tum
876 2203 1004 2244 fuisse
1034 2203 1176 2256 legum
1205 2203 1470 2244 serendarum
1505 2208 1776 2256 potestatem,
1806 2203 1884 2244 sed

279 2269 390 2311 nulla
430 2278 497 2311 est
534 2284 607 2311 eas
644 2271 685 2311 in
716 2270 757 2311 id
787 2277 957 2324 tempus
987 2270 1230 2312 conferendi
1259 2271 1504 2319 necessitas,
1535 2270 1570 2311 si
1598 2269 1706 2311 aliae
1734 2276 1884 2311 eontra

278 2345 470 2390 pugnant
505 2338 700 2379 rationes.
772 2338 993 2379 Praeterea
1031 2345 1077 2379 ut
1110 2345 1291 2392 possunt
1320 2351 1397 2379 eae
1425 2351 1522 2378 esse
1554 2337 1800 2378 tribuniciae
1829 2337 1884 2378 le-

277 2418 367 2457 ges,
399 2406 457 2446 ita
479 2419 505 2445 a
527 2405 697 2446 tribuno
729 2411 900 2458 rogatas
929 2419 1025 2446 esse
1054 2405 1169 2446 nullo
1198 2407 1330 2446 modo
1359 2405 1642 2446 necessarium
1668 2411 1746 2445 est.

417 2523 425 2542 ¹
451 2522 691 2564 WEHRMANN,
714 2522 797 2566 (Zur
813 2522 1028 2557 Geschichte
1043 2523 1105 2557 des
1120 2522 1322 2557 romischen
1338 2521 1630 2556 Volkstribunats.
1647 2521 1767 2567 Progr.
1786 2519 1879 2556 Stet—

277 2577 326 2611 tin
366 2579 461 2622 1887,
497 2588 530 2623 p.
557 2579 707 2622 21—22)
742 2578 808 2612 hos
838 2578 996 2613 tribunos
1019 2590 1049 2613 a.
1075 2578 1199 2623 684s70
1220 2577 1327 2612 fuisse
1350 2577 1490 2620 iudicat,
1515 2578 1576 2612 sed
1600 2577 1680 2623 quia
1703 2577 1747 2612 de
1771 2576 1879 2612 tn’bu-

275 2633 365 2667 nicia
403 2642 578 2679 potestate
613 2645 737 2668 eorum
773 2634 983 2669 sententiam
1019 2635 1184 2680 sequitur,
1220 2634 1278 2680 qui
1313 2633 1456 2668 tribunis
1480 2634 1533 2668 ius
1557 2633 1735 2679 quoddam
1758 2632 1878 2679 legum

275 2688 492 2724 ferendarum
525 2701 544 2723 a
574 2689 669 2724 Sulla
694 2700 902 2724 concessum
926 2698 1061 2736 putant,
1085 2691 1195 2725 modo
1218 2690 1262 2724 de
1285 2698 1425 2724 senatus
1450 2689 1620 2724 sententia
1643 2689 1783 2732 ferrent,
1803 2687 1878 2734 ple-

275 2745 435 2779 biscitum
461 2745 545 2780 illud
569 2746 612 2780 de
637 2745 882 2780 Termessibus
911 2754 972 2780 aut
995 2754 1155 2780 extremo
1178 2756 1272 2780 anno
1295 2745 1412 2790 683;'71
1441 2753 1501 2780 aut
1525 2745 1626 2780 initio
1649 2745 1730 2780 anni
1752 2743 1876 2788 684ῂο

274 2801 405 2835 factum
431 2810 548 2835 censet
573 2809 654 2836 ante
677 2802 875 2836 restitutam
898 2813 918 2836 a
942 2801 1114 2847 Pompeio
1138 2801 1358 2836 tribuniciam
1384 2809 1607 2847 potestatem.
