1982 3288
403 217 465 248 DE
496 216 688 250 TRIBUN.
722 217 826 249 POT.
859 218 890 248 A
922 216 1072 248 SULLA
1106 216 1352 248 IMMINUTA
1635 217 1683 257 33

73 357 176 386 eum
220 342 486 384 tribuniciam
530 348 790 396 potestatem
828 342 1016 382 maxime
1053 340 1297 382 debilitasse
1327 347 1371 382 et
1398 346 1563 382 tantum
1600 352 1686 379 non

74 410 320 460 sustulisse;
364 410 406 450 id
442 422 570 450 unum
607 421 766 449 novum
795 413 925 460 atque
954 407 1174 448 definitum
1204 409 1335 456 addit,
1367 409 1483 461 quod
1513 407 1686 461 quidem

76 477 252 520 maximi
291 477 497 518 momenti
534 482 612 524 est,
643 476 693 516 iis
722 475 793 528 qui
823 474 1081 514 tribunatum
1111 475 1357 526 gessissent,
1388 488 1559 515 omnem
1590 487 1687 515 eum

72 558 199 600 spem
227 543 464 584 abscidisse
493 557 548 584 ex
578 542 792 584 tribunatu
825 541 1028 582 maiorem
1059 541 1266 581 honorem
1295 541 1569 594 adipiscendi.
1640 541 1688 581 Id

72 612 201 666 igitur
230 612 339 652 inter
369 611 475 652 Livii
505 615 549 651 et
577 609 767 663 Appiani
806 609 1089 650 narrationem
1120 609 1306 656 interest,
1337 609 1454 661 quod
1484 621 1547 655 ea,
1579 621 1688 660 quae

70 680 131 720 ad
171 678 435 720 tribunorum
475 677 539 717 ius
579 678 863 717 coercendum
907 676 1141 717 maximum
1186 675 1373 716 facerent
1410 681 1687 721 momentum,

74 746 302 801 Appianus
331 744 447 787 Sulla
470 744 653 798 primum
683 743 869 792 consule,
903 743 1047 784 Livius
1077 742 1193 784 Sulla
1221 744 1431 784 dictatore
1460 743 1689 783 constituta

74 813 175 856 vult.
235 812 336 854 Sine
364 812 496 853 dubio
528 812 673 853 Livius
704 812 858 853 rectius
886 818 1128 865 temporum
1158 812 1350 852 ordinem
1380 810 1578 858 servavit,
1606 822 1690 850 rec-

73 881 156 924 tius
196 880 324 921 etiam
363 893 430 920 res
466 880 582 933 ipsas
610 879 823 933 exposuit.
885 879 996 919 Nam
1027 892 1081 920 ne
1109 884 1199 920 tum
1229 878 1416 933 quidem,
1447 891 1577 931 quum
1607 878 1689 917 dic—

68 954 188 990 tator
217 946 523 1002 rempublicam
545 947 775 995 constituit,
796 946 912 987 Sulla
932 946 1111 987 concilia
1129 946 1268 1000 plebis
1285 945 1473 995 sustulit,
1505 957 1690 986 remane-

74 1015 180 1057 bant
222 1015 501 1057 creandorum
547 1015 871 1067 magistratuum
909 1027 1050 1061 causa,
1093 1027 1234 1068 neque
1268 1027 1447 1067 usquam
1485 1013 1689 1066 scriptum

76 1083 320 1137 reperimus
352 1081 469 1124 Sulla
497 1082 707 1123 dictatore
736 1088 780 1122 et
809 1082 960 1123 decem
991 1081 1070 1122 illis
1098 1082 1232 1130 annis,
1263 1081 1419 1135 quibus
1448 1080 1567 1133 leges
1602 1080 1691 1120 eius

71 1150 287 1199 valebant,
326 1149 410 1191 alio
448 1150 580 1191 modo
609 1148 803 1190 tribunos
838 1156 1007 1190 creatos
1036 1163 1132 1190 esse
1161 1156 1292 1204 atque
1319 1156 1420 1190 ante
1449 1149 1491 1189 id
1521 1155 1691 1201 tempus

69 1224 119 1260 et
146 1223 311 1272 postea.
372 1217 524 1271 Neque
555 1230 701 1258 revera
718 1217 830 1271 ·ipsa
866 1216 1045 1258 concilia
1074 1217 1212 1271 plebis
1241 1216 1409 1258 sublata
1439 1215 1583 1262 voluit,
1615 1216 1691 1255 sed

71 1298 328 1340 oppressam
357 1284 622 1327 tribuniciam
653 1290 926 1339 potestatem,
958 1297 1219 1338 quamquam
1249 1284 1411 1326 scilicet
1438 1297 1490 1324 ea
1514 1282 1692 1324 concilia

73 1365 232 1406 magna
262 1358 384 1407 parte
414 1353 642 1406 potestatis
670 1358 715 1393 et
742 1365 794 1393 ea
824 1358 1053 1406 potestate,
1084 1366 1195 1406 quae
1218 1352 1378 1393 civitati
1396 1352 1585 1392 maxime
1602 1357 1692 1391 erat

72 1419 328 1476 periculosa,
360 1420 526 1473 privata
556 1426 665 1469 sunt,
696 1433 827 1473 quum
857 1419 1011 1461 tribuni
1042 1420 1105 1460 ius
1135 1419 1277 1472 legum
1308 1420 1573 1462 serendarum
1593 1418 1692 1459 ami-

69 1493 230 1530 serunt.
291 1486 519 1542 Appianus
548 1487 686 1540 igitur,
716 1487 751 1528 si
782 1501 993 1529 summam
1026 1488 1083 1528 rei
1113 1494 1372 1541 spectamus,
1402 1501 1428 1528 a
1458 1500 1561 1527 vero
1579 1486 1692 1527 haud

70 1554 253 1596 multum
282 1555 507 1604 aberravit,
539 1555 575 1596 si
610 1556 782 1609 quidem
822 1555 921 1596 iuris
951 1554 1021 1596 illa
1050 1555 1287 1596 imminutio
1316 1555 1515 1610 proxime
1542 1555 1598 1595 ad
1627 1554 1692 1594 tri-

74 1622 226 1672 bunos
257 1623 336 1663 sed
366 1635 444 1676 per
472 1635 549 1663 eos
578 1624 633 1664 ad
663 1622 843 1665 concilia
872 1622 1010 1677 plebis
1040 1623 1292 1677 pertinebat.
1355 1623 1575 1664 Praeterea
1605 1620 1692 1662 Sul·

72 1689 160 1731 lam
183 1696 273 1731 tum
312 1703 398 1731 non
427 1690 620 1744 potuisse
654 1691 894 1744 graviorem
924 1691 1173 1732 tribuniciae
1202 1691 1406 1745 potestati
1436 1689 1608 1744 plagam
1638 1689 1693 1729 in-

72 1755 233 1810 fligere,
264 1758 420 1799 nedum
451 1764 497 1799 ut
526 1757 705 1799 concilia
734 1757 873 1813 plebis
902 1758 1081 1807 tolleret,
1113 1758 1180 1800 vel
1205 1759 1303 1800 inde
1326 1757 1548 1810 colligitur,
1578 1757 1695 1810 quod

71 1824 192 1867 initio
220 1824 319 1866 anni
349 1824 610 1879 insequentis
639 1826 677 1867 ei
708 1839 734 1867 a
764 1826 934 1867 tribuno
963 1827 1055 1867 dies
1085 1827 1200 1868 dicta
1230 1823 1342 1876 est¹;
1373 1839 1428 1867 ex
1459 1825 1530 1866 illo
1550 1831 1691 1866 autem

70 1897 281 1947 tempore.
322 1905 454 1946 quum
495 1892 614 1946 leges
649 1892 793 1935 Sullae
822 1894 1039 1946 vigebant.
1077 1895 1160 1936 diei
1191 1894 1401 1935 dictiones
1429 1893 1692 1935 tribunorum

71 1957 210 2000 nullas
239 1966 600 2002 commemoratas
629 1962 924 2013 cognovimus.

210 2025 408 2080 Denique
437 2027 539 2069 illud
570 2029 926 2071 considerandum
956 2035 1023 2070 est
1041 2053 1096 2058 ——
1114 2029 1233 2070 cuius
1263 2030 1322 2070 rei
1352 2035 1511 2082 quanta
1541 2028 1605 2069 vis
1626 2029 1692 2075 sit,

73 2093 326 2135 brevissime
353 2095 431 2135 sed
460 2095 565 2137 satis
594 2096 780 2148 graviter
808 2095 1066 2149 significavit
1096 2096 1339 2149 Madvigius
1368 2121 1423 2126 —
1443 2109 1583 2149 neque
1602 2102 1693 2136 tum

71 2156 237 2203 Sullam
274 2167 439 2203 tantum
478 2163 634 2216 opibus
670 2169 715 2204 et
749 2164 1004 2205 auctoritate
1034 2163 1229 2213 valuisse,
1266 2171 1313 2205 ut
1341 2164 1510 2218 quidvis
1538 2164 1694 2204 audere

75 2235 238 2284 posset,
276 2242 415 2283 neque
451 2243 548 2271 eum
585 2230 715 2272 fuisse
744 2231 928 2272 civitatis
957 2238 1129 2280 statum,
1160 2239 1207 2274 ut
1235 2238 1322 2273 tam
1354 2231 1478 2273 sortia
1508 2231 1694 2272 remedia

71 2296 306 2337 doeiderari
344 2297 597 2339 viderentur.
658 2298 859 2340 Nondum
890 2299 1132 2353 populares,
1168 2300 1304 2341 Mario
1334 2299 1555 2353 Cinnaque
1584 2300 1694 2340 duci-

77 2362 175 2412 bus,
216 2363 449 2407 sceleribus
489 2365 650 2407 scelera
680 2366 1016 2416 cumulaverant:
1053 2380 1164 2421 quae
1192 2368 1248 2409 ad
1277 2367 1320 2408 id
1349 2374 1520 2422 tempus
1548 2380 1696 2421 pecca-

76 2436 245 2480 verant,
276 2444 356 2486 pro
385 2433 518 2474 nihilo
549 2433 748 2475 habenda
777 2440 898 2475 erant
926 2448 1029 2489 prae
1057 2435 1120 2483 iis,
1150 2448 1331 2489 quorum
1352 2442 1505 2489 postea
1528 2434 1695 2488 culpam

75 2497 361 2541 sustinebant.
412 2499 470 2542 Et
498 2501 635 2555 qualis
659 2507 750 2543 erat
779 2502 912 2556 ipsius
941 2501 1083 2544 Sullae
1113 2502 1334 2544 condicio?
1363 2501 1449 2556 Qui
1468 2509 1514 2543 ut
1531 2502 1696 2555 legibus

75 2577 104 2605 a
135 2563 326 2619 Sulpicio
355 2567 622 2622 popularium
658 2571 768 2610 duce
797 2569 894 2611 latis
922 2569 1164 2619 obsisteret,
1196 2570 1297 2611 nihil
1326 2570 1452 2619 aliud,
1483 2583 1570 2624 quo
1600 2583 1695 2611 con-

79 2631 256 2685 fugeret,
288 2632 508 2685 habuerat,
538 2649 668 2691 quam
698 2643 745 2678 ut
774 2636 899 2678 serias
928 2637 1133 2679 indiceret
1163 2651 1207 2679 re
1225 2638 1267 2679 in
1286 2637 1532 2692 religionem
1553 2650 1692 2685 versa:

75 2699 234 2741 deinde
262 2699 487 2743 tumultum
517 2704 832 2746 concitantibus
859 2705 1113 2746 adversariis
1137 2706 1326 2759 ipsisque
1344 2705 1590 2747 consulibus
1608 2705 1693 2745 vim

75 2766 385 2808 intentantibus
413 2775 458 2811 et
486 2769 529 2810 id
558 2771 743 2813 edictum
774 2786 978 2814 revocare
1006 2779 1051 2814 et
1070 2773 1163 2826 ipse
1184 2773 1323 2813 Roma
1343 2774 1497 2814 cedere
1518 2779 1694 2813 coactus

218 2851 229 2872 ¹
254 2851 339 2886 Cic.
364 2851 472 2888 Brut.
497 2853 552 2894 48,
582 2861 663 2898 1793
687 2853 799 2889 Plut.
823 2853 942 2889 Sulla
970 2865 1011 2889 10
1033 2862 1117 2889 extr.

170 2921 213 2953 K.
238 2921 342 2955 Hmn.
374 2923 437 2954 Vet.
465 2922 575 2963 Sams.
601 2924 615 2954 ι’
642 2923 767 2964 Upsala
797 2924 836 2958 V.
860 2934 884 2963 5
1587 2933 1601 2968 3
