1982 3288
462 186 524 217 DE
552 184 743 216 TRIBUN.
778 184 879 215 ΡΟΤ.
913 185 944 215 Α
975 183 1125 215 SULLA
1159 184 1404 216 IMMINUTA
1712 185 1730 227 5

129 313 194 353 nis
222 311 312 352 sine
341 310 472 351 dubio
500 309 742 362 expeditior
769 315 836 349 est
863 309 1126 358 diiudicatio;
1158 322 1256 349 nam
1286 322 1340 349 ne
1363 309 1541 361 cogitari
1564 308 1735 362 quidem

130 385 275 432 potest
301 390 439 431 neque
467 375 658 417 tribunus
686 375 824 429 plebis
851 375 942 416 sine
961 376 1048 416 iure
1066 376 1355 416 intercedendi
1375 390 1513 429 neque
1536 376 1627 417 sine
1649 376 1736 416 iure

131 444 340 488 contionis
367 443 638 496 magistratus
668 455 879 491 romanus,
909 450 1025 483 certe
1054 455 1139 483 non
1169 442 1216 490 is,
1248 443 1319 494 qui
1350 455 1405 482 ex
1429 444 1635 484 maiorum
1666 456 1736 484 nu·

130 525 248 556 mero
276 517 367 552 erat
388 517 463 552 aut
483 510 712 551 maioribus
735 510 814 551 illis
838 510 1002 551 honore
1023 516 1153 563 atque
1176 510 1264 550 iure
1287 510 1475 562 quodam
1496 511 1626 550 modo
1647 523 1734 563 par.

130 575 352 621 Difficilius
381 584 448 619 oet
475 578 591 620 dictu
620 578 842 631 magisque
871 578 912 618 in
942 577 1232 618 controversia
1261 576 1461 630 positum,
1492 577 1592 630 quid
1623 576 1737 617 Sulla

129 648 184 687 de
222 646 483 688 tribunorum
523 651 740 699 potestate
779 644 920 698 legum
962 645 1227 686 serendarum
1266 644 1530 684 constituerit
1566 657 1737 697 quoque

126 715 260 755 modo
288 714 353 755 ius
381 725 527 754 eorum
557 712 933 766 circumscripserit
962 712 1182 765 rogatione
1212 711 1296 752 lata
1325 718 1368 751 et
1397 710 1577 751 concilio
1601 710 1737 764 plebis

130 786 369 823 convocato
398 779 622 834 plebiscita
651 779 844 829 faciendi,
875 779 1029 833 quibus
1058 779 1197 820 omnis
1224 779 1374 820 civitas
1397 784 1619 819 teneretur.
1662 777 1736 818 At-

94 862 100 868 ·
129 861 211 903 que
241 861 399 898 eorum,
430 848 501 901 qui
532 847 834 889 recentioribus
862 847 1128 901 temporibus
1156 848 1212 887 de
1241 846 1415 887 historia
1447 845 1736 886 Romanorum

129 922 173 957 et
211 915 532 969 antiquitatibus
572 915 842 970 scripserunt,
883 915 1143 968 antiquiores
1182 927 1334 955 omnes
1370 913 1412 954 in
1449 926 1500 953 ea
1529 913 1737 954 sententia

129 983 305 1032 fuerunt,
347 989 393 1024 ut
430 982 590 1024 Sullam
627 982 711 1024 hoc
740 982 805 1024 ius
833 982 1095 1023 tribunorum
1126 981 1346 1023 sustulisse
1375 976 1652 1028 iudicarent¹,
1682 980 1737 1020 ad

129 1051 173 1092 id
201 1050 479 1092 obtinendum
509 1049 752 1092 auctoribus
781 1050 970 1091 maxime
1000 1050 1062 1091 usi
1095 1049 1217 1091 Livio
1248 1049 1345 1103 (Ep.
1377 1047 1448 1101 89)
1467 1054 1511 1089 et
1534 1047 1739 1102 Appiano

130 1118 192 1173 (B.
227 1117 274 1159 C.
314 1129 345 1166 1,
386 1116 465 1172 59).
521 1117 658 1159 Huius
698 1117 934 1159 sententiae
972 1117 1239 1158 adversarius
1279 1115 1445 1157 exstitit
1475 1113 1618 1169 (1846)
1649 1114 1736 1155 Tu.

131 1185 380 1227 MOMMSEN
395 1180 426 1234 ³,
462 1185 535 1239 qui
573 1183 732 1226 Sullam
770 1185 944 1237 negavit
972 1185 1149 1226 tribunis
1178 1184 1392 1227 ademisse
1420 1183 1484 1223 ius
1514 1182 1655 1235 legum
1686 1181 1738 1222 se-

131 1253 366 1302 rendarum,
406 1253 483 1294 sed
519 1253 818 1294 tantummodo
858 1252 916 1294 ita
955 1253 997 1293 id
1028 1253 1092 1294 ius
1121 1251 1516 1304 circumscripsisse,
1547 1256 1593 1291 ut
1623 1249 1740 1302 leges

129 1319 333 1362 ferrentur
360 1321 415 1360 de
444 1326 616 1361 senatus
645 1320 875 1370 sententia,
905 1320 1071 1361 cavisse
1095 1320 1232 1372 igitur,
1263 1332 1317 1360 ne
1345 1317 1499 1359 tribuni
1524 1317 1641 1370 leges
1665 1316 1739 1358 ser-

129 1393 232 1436 rent,
271 1387 350 1429 nisi
390 1387 461 1436 ita,
503 1387 538 1428 si
579 1395 763 1436 senatus,
802 1394 1031 1441 antequam
1076 1394 1335 1439 rogarentur,
1366 1399 1441 1427 ms
1470 1392 1582 1427 ratas
1612 1384 1739 1426 habu-

128 1448 242 1497 isset.
304 1454 582 1509 Eandemque
610 1455 864 1497 sententiam
893 1461 1035 1496 tuetur
1057 1462 1187 1508 atque
1207 1454 1396 1495 defendit
1419 1453 1462 1494 in
1482 1452 1609 1500 libris,
1631 1466 1740 1506 quos

130 1528 282 1576 postea
310 1522 454 1572 edidit,
483 1522 599 1563 velut
620 1522 663 1564 in
691 1523 1011 1576 inscriptionum
1039 1522 1260 1564 latinarum
1284 1534 1478 1575 corpore,
1500 1521 1542 1561 in
1565 1520 1740 1561 historia

131 1603 268 1631 rerum
307 1603 587 1639 romanarum,
631 1590 673 1631 in
710 1589 818 1631 libro
854 1591 908 1630 de
939 1590 1026 1631 iure
1054 1590 1228 1644 publico
1259 1589 1550 1630 Romanorum
1565 1583 1594 1627 ³.
1666 1587 1740 1628 Ad

129 1658 244 1711 quod
277 1657 544 1710 probandum
569 1658 759 1699 maximo
782 1658 821 1699 ei
844 1664 1097 1710 argumento
1121 1664 1199 1705 est,
1225 1658 1341 1710 quod
1365 1657 1606 1698 etiamnunc
1630 1655 1671 1696 in
1695 1655 1739 1696 ti-

128 1723 217 1766 tulo
246 1725 434 1779 quodam
463 1731 678 1767 servatum
706 1731 878 1767 exstare
907 1726 1037 1767 docet
1065 1725 1335 1779 plebiscitum
1365 1726 1420 1765 de
1443 1722 1741 1765 Termessibus

128 1791 306 1833 tribunis
356 1791 494 1846 plebis
552 1792 761 1834 nonnullis
801 1794 866 1834 de
906 1799 1127 1835 senatus
1174 1792 1451 1833 sententia
1493 1790 1742 1843 rogantibus

130 1858 287 1902 factum
317 1872 429 1901 anno
457 1855 561 1912 683!
566 1869 633 1913 71,
663 1860 687 1901 i.
719 1875 755 1903 e.
788 1874 842 1903 eo
871 1867 1079 1915 tempore,
1110 1873 1197 1914 quo
1228 1859 1347 1913 leges
1366 1858 1509 1901 Sullae
1531 1866 1662 1912 atque
1686 1858 1740 1898 in-

131 1926 277 1968 stituta
306 1925 495 1969 valerent
522 1928 705 1969 necdum
733 1929 789 1969 ad
818 1928 1040 1982 pristinum
1070 1928 1134 1969 ius
1162 1928 1386 1969 tribunicia
1409 1932 1604 1981 potestas
1626 1932 1742 1967 aeset

132 1993 334 2035 restituta.
375 1993 431 2035 Et
459 2007 556 2036 eum
586 1994 708 2037 huius
737 1994 948 2049 plebisciti
971 1995 1217 2037 testimonio
1238 1994 1469 2047 coniungit,
1490 1994 1606 2047 quod
1626 1994 1740 2047 apud

131 2059 380 2115 Appianum
411 2060 473 2116 (B.
506 2060 554 2103 C.
593 2073 625 2110 1,
645 2061 712 2117 59)
743 2062 948 2117 scriptum
978 2062 1141 2115 legitur,
1172 2062 1333 2104 Sullam
1362 2062 1459 2115 lege
1478 2061 1656 2108 cavisse,
1688 2074 1740 2101 ne

133 2127 310 2169 tribunis
350 2127 488 2182 plebis
529 2128 674 2171 liceret
709 2130 952 2184 rogationes
980 2132 1036 2172 ad
1065 2119 1237 2185 plebem
1267 2130 1387 2178 ferre,
1418 2129 1496 2171 nisi
1523 2135 1651 2171 antea
1680 2142 1740 2168 se-

133 2196 247 2237 natui
287 2195 495 2248 probatae
534 2203 694 2247 essent;
733 2197 790 2239 ita
828 2198 940 2239 enim
978 2198 1042 2239 ius
1071 2198 1335 2239 tribunorum
1364 2197 1587 2252 plebisque
1616 2196 1658 2236 in
1689 2196 1741 2236 le—

134 2262 258 2316 gibus
289 2262 471 2304 ferendis
499 2270 628 2318 atque
657 2264 851 2306 iubendis
879 2266 994 2307 idem
1023 2265 1181 2307 sactum
1202 2279 1299 2307 esse
1327 2272 1457 2319 atque
1480 2271 1579 2306 ante
1600 2263 1740 2316 legem

136 2329 408 2372 Hortensiam
438 2344 475 2371 a.
507 2326 610 2385 4671‘
615 2332 708 2384 287.
740 2332 853 2374 Nam
882 2334 998 2387 quod
1027 2333 1264 2375 sententiae
1293 2347 1396 2375 suae
1425 2332 1739 2373 firmamentum

136 2396 178 2438 in
206 2410 260 2440 eo
287 2398 475 2452 positum
504 2398 649 2448 voluit,
680 2401 797 2453 quod
828 2399 981 2443 Cicero
1014 2401 1056 2443 in
1085 2401 1376 2455 descriptione
1415 2401 1740 2453 magistratuum

275 2537 284 2556 ¹
309 2536 415 2583 Velut
439 2538 644 2581 Duumxx,
669 2538 798 2574 Gesch.
825 2540 949 2580 Roms,
966 2539 1007 2582 11,
1020 2550 1051 2586 p.
1068 2541 1148 2583 484,
1165 2539 1215 2575 cfr
1230 2541 1298 2585 438
1318 2540 1372 2584 (in
1389 2540 1460 2574 vita
1477 2538 1595 2574 Sullae
1611 2537 1739 2572 descri-

137 2592 281 2635 benda);
318 2592 474 2636 Etcum,
506 2593 643 2629 Handb.
679 2595 741 2629 des
774 2598 863 2630 rom.
895 2595 1046 2631 Alterth.
1072 2596 1114 2639 11,
1139 2606 1171 2639 2,
1194 2608 1226 2642 p.
1253 2597 1335 2638 288;
1359 2597 1542 2636 Ninnium,
1566 2594 1740 2638 Vortrage

135 2649 218 2683 uber
242 2651 332 2683 rom.
357 2647 486 2684 Gesch.
510 2649 553 2692 11,
576 2660 607 2696 p.
635 2651 708 2695 383.

274 2704 285 2724 -‘
309 2703 503 2739 Zeitschrift
526 2704 580 2740 fur
602 2705 659 2741 die
682 2707 1161 2745 Alterthumswissenschaft.
1192 2708 1289 2751 1846,
1313 2719 1344 2755 p.
1374 2718 1515 2753 105—7.

273 2760 286 2780 ³
309 2760 349 2796 C.
375 2760 398 2795 I.
423 2760 461 2795 L.
486 2761 511 2803 1,
535 2771 567 2807 p.
597 2771 675 2806 1153
704 2763 810 2798 Rom.
841 2763 972 2799 Gesch.
992 2763 1062 2804 11⁸,
1086 2775 1119 2810 p.
1148 2774 1222 2808 350,
1246 2765 1304 2800 ubi
1336 2773 1541 2810 argumenta
1566 2764 1641 2799 eius
1667 2764 1743 2798 bre-

134 2815 278 2851 vissime
303 2817 557 2861 comprehensa
581 2818 812 2862 reperiuntur;
836 2819 941 2854 Rom.
967 2820 1124 2862 Staatsr„
1148 2820 1178 2855 11
1194 2821 1218 2862 ⁸,
1242 2832 1274 2866 p.
1302 2830 1375 2865 312.
