1982 3288
324 187 377 229 30
953 183 984 225 J.
1017 183 1064 216 M.
1097 178 1285 216 suuper«

315 296 375 350 de
405 309 582 350 turbidis
614 308 761 362 Lepidi
794 306 1125 362 rogationibus¹.
1189 309 1451 363 Rogationes
1480 311 1582 357 eius,
1613 323 1743 364 quum
1772 311 1821 352 iis
1850 312 1923 352 ob·

322 378 489 418 sisteret
519 376 694 418 Catulus
723 375 900 429 collega.
931 376 1102 430 perferri
1138 391 1223 418 non
1253 384 1498 431 potuerunt;
1530 378 1597 419 uni
1627 380 1925 421 tantummodo

323 443 528 496 rogationi
560 443 853 485 frumentariae
883 443 1059 490 Catulus
1089 458 1173 485 non
1202 445 1452 486 adversatus
1470 451 1536 486 est
1548 441 1578 493 ⁸,
1609 445 1726 499 quod
1750 445 1807 486 ita
1834 445 1926 488 sine

321 511 451 551 dubio
494 511 787 565 accipiendum
832 517 910 560 est,
952 517 998 552 ut
1033 525 1127 553 eam
1171 518 1363 553 senatum
1407 511 1673 565 approbasse
1712 518 1924 566 putemus,

321 591 501 632 eamque
532 591 657 619 unam
686 577 892 632 perlatam
916 592 1011 620 esse
1041 578 1260 632 probabile
1290 586 1366 620 est.
1428 579 1615 619 Omnino
1650 579 1732 620 iam
1762 587 1852 621 tum
1870 593 1926 621 eo

321 651 570 699 perventum
600 652 702 695 erat,
733 646 775 686 id
795 647 911 699 quod
941 646 1120 700 primum
1151 646 1347 694 Caesare,
1369 647 1522 687 deinde
1543 645 1767 687 triumviris
1788 659 1924 688 rerum

321 726 529 753 summam
566 713 819 760 tenentibus,
859 719 1011 766 postea
1049 713 1308 767 principatus
1344 713 1608 767 temporibus
1637 720 1728 755 erat
1757 713 1926 756 manife-

321 786 445 828 stum,
477 787 522 820 ut
551 779 591 820 in
621 786 769 820 senatu
799 793 884 820 non
914 794 964 821 ea
994 779 1197 822 libertatis
1227 787 1270 821 et
1299 780 1563 822 constantiae
1593 780 1656 821 vis
1686 780 1855 829 inesset.
1881 787 1926 823 ut

322 847 568 900 potentibus
607 846 655 886 iis
692 846 946 895 hominibus,
991 860 1124 901 penes
1168 861 1276 901 quos
1306 853 1422 888 esset
1465 847 1701 901 imperium,
1731 848 1926 890 resistere

322 920 480 967 posset.
541 913 687 967 Itaque
718 913 910 954 videmus
939 914 980 954 in
1011 913 1090 955 hac
1121 915 1274 956 civium
1304 914 1568 955 dissensione
1597 914 1709 956 hunc
1731 915 1925 957 ordinem

322 981 461 1022 media
491 980 665 1021 consilia
700 980 883 1034 probare
917 987 961 1022 et
990 981 1096 1022 inter
1125 980 1353 1023 factionum
1385 981 1597 1035 principes
1632 994 1783 1035 pacem
1813 994 1926 1024 com-

322 1062 480 1101 ponere
510 1048 700 1098 studere;
738 1048 931 1088 videmus
965 1048 1229 1090 iureiurando
1259 1063 1335 1090 eos
1370 1049 1542 1101 adigere
1570 1047 1749 1090 alterum
1779 1054 1929 1091 contra

321 1115 498 1157 alterum
528 1128 645 1156 arma
675 1128 759 1156 non
789 1121 1054 1168 sumpturos;
1094 1116 1286 1157 videmus
1317 1115 1483 1170 Lepido
1518 1114 1792 1157 condiciones
1820 1114 1927 1158 ferre

322 1190 365 1223 et
394 1196 440 1223 se
469 1183 582 1223 omni
614 1181 801 1236 periculo
821 1182 1065 1224 defunctum
1083 1196 1267 1236 sperare,
1283 1183 1318 1224 si
1334 1182 1402 1224 ille
1417 1184 1458 1224 in
1477 1183 1738 1237 provinciam
1753 1182 1926 1226 abisset.

322 1250 561 1303 Insequenti
592 1263 704 1290 anno
733 1249 893 1302 677177
927 1249 1126 1303 Lepidus,
1157 1263 1287 1304 quum
1307 1251 1497 1292 exercitu
1515 1257 1766 1304 comparato
1779 1256 1930 1305 aperte

322 1317 491 1359 hostilia
533 1318 720 1365 auderet,
757 1323 800 1359 et
837 1317 916 1358 sibi
960 1316 1225 1359 consulatum
1255 1324 1300 1359 et
1328 1317 1583 1371 reipublicae
1620 1317 1929 1360 restitutionem

322 1384 567 1426 tribuniciae
598 1384 823 1438 potestatis
852 1390 1091 1438 ceteraque,
1122 1398 1232 1438 quae
1261 1384 1479 1439 popularis
1491 1398 1647 1426 causae
1662 1385 1931 1427 adiuvandae

322 1459 365 1493 et
394 1452 711 1493 confirmandae
741 1465 837 1493 esse
866 1452 1228 1500 existimabantur,
1249 1451 1490 1506 postulavit.
1538 1451 1658 1493 Haec
1674 1452 1928 1506 utimpetm-

323 1526 474 1568 rentur,
506 1533 603 1560 cum
632 1526 781 1560 senatu
811 1526 952 1560 actum
983 1533 1079 1560 esse
1108 1519 1209 1573 quid
1239 1526 1306 1561 est
1333 1519 1445 1561 aliud
1465 1532 1594 1573 quam
1612 1518 1798 1560 voluisse
1814 1531 1930 1571 etun,

322 1601 431 1640 quae
467 1586 712 1640 postularet,
744 1600 769 1627 a
798 1594 947 1628 senatu
985 1587 1236 1640 approbata,
1277 1594 1323 1628 ut
1351 1594 1504 1640 postea
1533 1587 1588 1628 de
1617 1599 1669 1628 m
1698 1599 1743 1628 re
1770 1587 1827 1628 ad
1853 1596 1931 1641 po·

322 1654 466 1707 pulum
496 1654 681 1703 ferretur,
713 1668 840 1708 quem
872 1653 1115 1706 rogationes
1143 1661 1416 1708 accepturum
1447 1667 1533 1695 non
1563 1653 1785 1696 videbatur
1810 1651 1931 1696 dnbi-

321 1723 508 1763 tandum.
559 1721 671 1763 Tota
692 1722 817 1774 igitur
837 1721 943 1762 haec
965 1722 1022 1762 rei
1040 1721 1236 1763 tractatio
1254 1721 1391 1774 magis
1406 1722 1665 1763 documento
1682 1727 1750 1763 est
1763 1719 1928 1763 seruat&

323 1790 384 1830 ius
415 1789 542 1830 fuisse
571 1789 815 1841 rogationes
844 1796 943 1830 ante
971 1789 1251 1842 approbandi,
1282 1802 1410 1842 quam
1440 1787 1552 1829 nulla
1581 1801 1692 1842 opus
1720 1786 1848 1829 fuisse
1869 1787 1928 1829 rei

320 1858 375 1897 ad
405 1863 599 1898 senatum
636 1856 849 1897 relatione.
908 1856 1130 1897 Praeterea
1167 1870 1218 1897 ea
1246 1862 1313 1897 est
1341 1856 1464 1897 huius
1493 1855 1550 1896 rei
1581 1855 1700 1903 ratio,
1731 1861 1777 1896 ut
1805 1853 1927 1896 facile

321 1924 496 1976 cogitari
538 1924 675 1977 possit
710 1930 810 1964 ante
847 1923 988 1977 palam
1022 1923 1180 1964 sactum
1209 1937 1306 1964 esse
1334 1923 1401 1964 vel
1432 1922 1573 1976 palam
1603 1922 1691 1963 fieri
1721 1921 1926 1976 potuisse,

321 1992 422 2044 quid
451 1991 547 2044 lege
576 1992 671 2044 quis
700 1997 922 2044 rogaturus
951 1998 1078 2039 esset,
1108 2004 1238 2044 quam
1266 1997 1439 2031 senatus
1467 1991 1523 2030 de
1551 2003 1596 2030 re
1625 1988 1928 2039 consuleretur,

320 2059 483 2100 etiamsi
527 2059 619 2112 ipsa
662 2058 768 2111 legis
805 2057 1090 2112 promulgatio
1127 2065 1218 2099 tum
1252 2059 1424 2099 demum
1462 2057 1574 2098 facta
1602 2058 1668 2106 sit,
1698 2068 1830 2110 quum
1855 2067 1929 2116 ζα

321 2133 436 2167 esset
471 2140 497 2167 a
535 2133 683 2167 senatu
721 2125 972 2180 approbata.
1032 2125 1184 2178 Neque
1219 2126 1373 2166 desunt
1401 2123 1613 2178 exempla,
1643 2124 1763 2174 unde⁴
1783 2119 1925 2176 edhgi

321 2194 458 2247 possit
501 2194 558 2234 ita
594 2201 737 2234 actum
776 2207 883 2234 esse.
945 2193 1075 2234 Velut
1111 2194 1166 2233 de
1203 2192 1298 2246 lege
1338 2191 1441 2233 Iulia
1468 2192 1645 2244 agraria,
1674 2202 1803 2246 quam
1830 2189 1927 2232 tulit

323 2261 482 2302 Caesar
510 2275 547 2302 a.
578 2258 753 2313 695s59,
786 2261 871 2301 Dio
897 2259 1071 2301 Cassius
1090 2255 1259 2301 narrat⁸
1282 2259 1510 2301 Caesarem
1530 2259 1711 2313 primum
1730 2258 1787 2299 de
1806 2271 1850 2298 re
1869 2258 1926 2299 ad

321 2335 515 2370 senatum
554 2328 758 2376 retulisse,
797 2329 832 2368 si
861 2334 1011 2382 posset
1047 2329 1103 2368 ad
1140 2327 1280 2380 legem
1318 2326 1612 2381 perferendam
1648 2324 1738 2366 eius
1767 2324 1929 2366 ordinis

322 2397 380 2437 uti
409 2397 673 2443 auctoritate,
704 2403 748 2437 et
777 2402 930 2449 postea
958 2396 1144 2444 demum,
1174 2408 1306 2448 quum
1334 2394 1443 2435 haec
1465 2406 1563 2434 eum
1580 2406 1682 2446 spes
1697 2391 1926 2442 fefellisset,

321 2463 563 2504 decrevisse
607 2463 674 2504 vel
719 2465 975 2504 adversante
1013 2469 1162 2503 senatu
1197 2463 1313 2516 apud
1350 2460 1556 2515 populum
1586 2474 1676 2501 rem
1704 2471 1923 2514 peragere.

321 2531 452 2571 Aliud
481 2530 727 2584 exemplum
758 2537 836 2579 est,
867 2531 983 2583 quod
1012 2530 1239 2583 Appianus
1266 2524 1419 2570 tradit⁴
1448 2529 1503 2568 de
1532 2527 1628 2580 lege
1657 2526 1848 2568 Antonia
1870 2527 1927 2567 de

460 2648 590 2683 ¹Tac.
616 2648 718 2682 Ann.
749 2657 778 2692 3,
803 2657 855 2691 27

458 2703 617 2739 ².Gran
642 2703 723 2738 Lic.
749 2713 782 2748 p.
804 2713 847 2747 43
873 2703 984 2737 Bonn.

458 2760 471 2781 ³
494 2761 576 2795 Dio
600 2759 714 2794 Cass.
744 2760 794 2804 38,
822 2769 917 2804 ι-3,

457 2817 595 2862 App
619 2817 656 2851 B.
682 2816 723 2851 C.
750 2826 779 2861 3,
795 2826 837 2860 30
860 2817 878 2851 ὃ
903 2830 938 2852 τε
963 2818 1068 2864 νόμος
1094 2817 1112 2851 ὁ
1137 2817 1212 2864 περὶ
1236 2821 1303 2864 τῆς
1330 2814 1391 2850 K:-:
1366 2825 1423 2850 m
1426 2820 1508 2863 ικῆς
1525 2776 1765 2863 προυγράφετο
1782 2811 1920 2854 aheim,
