1982 3288
374 207 438 239 DE
467 206 659 239 TRIBUN.
692 206 795 238 POT.
828 208 859 238 A
890 207 1041 240 SULLA
1073 209 1320 242 IMMINUTA
1597 215 1645 255 37

47 339 114 374 est
141 333 264 374 huius
294 334 351 375 rei
381 332 581 386 cognitio,
611 332 988 385 argumentationis
1011 340 1181 374 nostrae
1199 335 1360 375 initium
1379 337 1552 377 ductum
1569 345 1645 385 est,

46 414 130 441 uno
160 401 361 455 Appiani,
397 400 530 441 altero
559 400 648 440 eius
677 399 749 453 qui
777 398 1002 453 periochas
1042 400 1210 453 scripsit
1245 401 1453 443 Livianas.
1526 403 1648 456 Quos

46 468 152 509 inter
180 474 387 517 auctores,
418 480 676 521 quamquam
705 467 760 507 de
788 472 983 519 tempore
1001 466 1058 506 rei
1076 467 1302 520 discrepat,
1322 475 1464 510 tamen
1483 472 1538 510 de
1556 471 1648 524 ipsa

46 549 90 576 re
119 548 205 576 non
233 549 329 576 eam
358 548 454 576 esse
482 533 790 575 dissensionem
819 534 1111 575 demonstrare
1140 535 1280 575 conati
1311 549 1468 583 sumus,
1498 545 1542 578 ut
1563 552 1647 578 non

45 615 154 655 quae
182 601 238 643 ab
267 602 400 644 altero
430 608 596 643 narrata
624 607 733 650 sunt,
752 601 808 642 ab
825 600 959 642 altero
977 600 1216 643 confirmari
1237 602 1467 643 videantur.
1502 604 1647 656 Atque

45 675 90 710 ut
118 682 277 719 eorum,
309 683 418 724 quae
445 669 559 710 dicta
588 675 696 718 sunt,
727 681 938 710 summam
957 668 1141 711 breviter
1160 669 1587 722 comprehendamus,
1613 672 1646 711 si

46 735 211 777 Livium
249 737 405 778 diserte
441 736 661 790 scripsisse
694 742 874 790 apparet
909 736 972 777 ius
1010 735 1151 789 legum
1182 735 1447 777 ferendarum
1477 751 1502 777 a
1533 738 1647 781 Sulla

42 803 218 844 tribunis
247 817 342 844 esse
371 804 631 857 ademptum,
661 804 696 844 si
726 803 952 858 Appianus
980 816 1032 844 m
1059 804 1115 844 de
1144 803 1226 844 hac
1256 817 1300 844 re
1329 805 1513 851 tradidit,
1538 819 1647 858 quae

43 869 282 926 diligentius
321 885 408 912 rem
444 871 716 920 examinanti,
752 871 787 912 si
817 884 903 912 non
931 884 1029 913 cum
1059 870 1181 912 Livio
1211 870 1337 924 plane
1366 872 1646 919 consentiant,

41 942 87 979 at
115 950 212 979 cum
242 938 331 979 eius
361 939 599 980 narratione
628 951 818 992 pugnare
847 952 933 980 non
963 938 1195 986 videantur,
1231 939 1286 979 ad
1317 938 1400 979 hoc
1431 940 1464 979 si
1495 947 1538 980 et
1564 940 1646 993 ple-

41 1003 238 1047 biscitum
267 1005 367 1047 illud
397 1007 451 1047 de
480 1005 776 1047 Termessibus
805 1012 906 1060 post
933 1006 1090 1047 sactum
1108 1012 1187 1054 est,
1218 1019 1346 1060 quam
1375 1007 1529 1048 tribuni
1560 1007 1645 1048 iura

41 1072 198 1114 amissa
227 1080 560 1127 recuperassent,
592 1087 730 1126 neque
759 1074 932 1115 omnino
962 1073 1090 1115 ullum
1120 1073 1227 1127 legis
1251 1074 1450 1115 indicium
1482 1075 1647 1115 videtur

41 1146 211 1181 exstare
240 1154 293 1181 eo
322 1147 529 1195 tempore,
560 1154 690 1194 quum
720 1140 838 1194 leges
868 1140 1064 1183 Sullanae
1082 1141 1296 1194 vigebant,
1315 1141 1494 1183 tribunis
1509 1142 1646 1195 plebis

41 1205 269 1250 serentibus
307 1208 516 1262 perlatae;
555 1208 658 1249 satis
692 1209 930 1261 argumenti
958 1208 1083 1250 nobis
1110 1208 1302 1251 attulisse
1337 1208 1540 1255 videmur,
1573 1223 1646 1250 cur

41 1273 200 1317 Sullam
230 1289 375 1316 revera
404 1275 514 1317 hanc
544 1282 803 1329 potestatem
832 1276 1008 1317 tribunis
1024 1276 1236 1318 ademisse
1254 1290 1393 1331 neque
1412 1283 1527 1318 recte
1544 1277 1645 1318 anti-

40 1342 232 1395 quiorum
273 1343 525 1397 scriptorum
566 1344 620 1384 de
658 1343 739 1384 hac
779 1357 822 1384 re
860 1344 1112 1386 sententiam
1146 1358 1172 1385 a
1210 1344 1514 1386 recentioribus
1549 1358 1645 1385 esse

38 1408 322 1463 improbatam
352 1410 656 1452 existimemus.

123 2873 165 2907 K.
190 2873 298 2906 Ham.
323 2874 390 2906 Ver.
417 2873 532 2916 Samj.
558 2875 573 2906 ι’
597 2874 735 2917 Upula.
779 2875 816 2907 V.
839 2884 872 2914 5.
1521 2887 1536 2913 4
