1982 3288
422 198 484 229 DE
515 198 705 231 TRIBUN.
740 198 841 230 POT.
875 199 904 231 Α
936 199 1087 231 SULLA
1120 200 1366 232 IMMINUTA
1592 188 1596 189 ⁷
1654 204 1694 232 11

93 324 224 365 ticum
262 324 409 366 fuisset
444 336 480 364 a.
519 319 694 375 663l91‚
731 324 885 363 eodem
923 324 1011 364 iure
1051 326 1288 378 eademque
1326 326 1631 367 consuetudine
1661 327 1701 366 in

93 397 312 445 posterum
340 396 566 443 uterentur.
626 388 756 430 Cuius
785 389 911 442 igitur
937 391 1035 431 anni
1066 391 1150 432 hoc
1179 391 1447 444 plebiscitum
1478 393 1567 434 est?
1613 393 1701 447 Ap-

92 465 214 512 paret
242 458 399 500 factum
428 470 524 498 esse
547 457 660 499 bello
686 455 975 498 Mithridatico
993 458 1118 498 tertio
1136 465 1180 498 et
1193 465 1293 511 post
1308 459 1511 499 kalendas
1530 460 1702 514 Apriles

93 539 130 566 a.
171 519 274 567 682!
279 535 344 577 72,
387 538 485 566 nam
523 523 669 578 primis
705 523 812 576 legis
847 524 1039 565 versibus
1077 532 1246 566 cautum
1287 525 1480 566 videmus
1518 540 1625 574 esse,
1657 535 1702 568 ut

93 591 300 635 beneficia
334 592 393 633 ibi
428 604 634 633 concessa
668 592 724 631 ad
761 604 838 632 eos
874 604 1026 632 omnes
1066 592 1337 646 pertinerent,
1368 593 1439 645 qui
1476 601 1575 634 ante
1605 608 1701 634 eum

90 658 203 700 diem
224 659 340 700 cives
359 659 573 700 Termessi
603 658 780 699 fuissent
808 659 965 712 quique
993 659 1049 700 ab
1079 659 1128 700 iis
1158 660 1354 713 prognati
1385 668 1529 701 essent
1562 668 1688 714 poste

36 750 39 754 ⁴
91 738 246 780 rosque
283 739 442 767 eorum.
507 725 596 767 Sed
625 739 712 779 quo
740 725 876 767 anno?
933 725 978 767 Si
1010 726 1282 767 Mommseno
1312 727 1524 768 credimus
1553 728 1699 781 iisque,

90 793 161 847 qui
190 806 287 835 cum
317 806 370 835 eo
399 800 526 842 stant,
557 807 594 834 a.
625 789 800 846 683s71,
831 794 960 847 idque
989 794 1155 835 duabus
1190 795 1245 835 de
1275 795 1426 835 causis,

226 859 401 914 Legem.
442 861 589 915 inquit,
627 861 742 903 haud
779 860 914 902 multo
951 868 1053 915 post
1090 861 1172 903 kal.
1205 861 1379 915 Apriles
1412 862 1502 906 682,
1522 872 1575 914 72
1605 875 1701 903 esse

89 933 283 980 rogatam
323 916 501 971 necesse
537 935 615 977 est,
661 928 760 982 quia
789 928 897 969 inter
925 942 1023 970 eum
1061 929 1175 970 diem
1217 936 1261 971 et
1297 929 1410 970 diem
1447 928 1557 970 latae
1595 929 1702 982 legis

86 1007 174 1036 non
214 995 348 1037 maius
394 997 578 1051 spatium
624 995 915 1037 intercessisse
953 1003 1288 1038 consentaneum
1328 1003 1407 1044 est,
1447 1010 1575 1050 quam
1615 1010 1701 1050 quo

87 1061 371 1116 impediretur,
390 1078 444 1106 ne
464 1070 640 1118 propter
653 1063 1024 1117 exspectationem
1041 1063 1146 1116 legis
1166 1077 1269 1105 mox
1290 1064 1488 1105 serendae
1507 1064 1702 1105 homines

84 1142 114 1175 a
153 1128 383 1171 Termesso
428 1131 551 1173 alieni
591 1130 633 1171 in
673 1143 769 1171 eam
811 1131 1027 1172 civitatem
1057 1132 1259 1185 adscripti
1289 1133 1343 1172 ad
1373 1133 1603 1173 commoda
1633 1131 1701 1173 illa

84 1197 367 1251 pervenirent.
436 1198 535 1240 Hoc
581 1211 668 1239 non
706 1197 811 1239 satis
840 1199 1064 1252 perspicue
1094 1199 1382 1243 &mum‡m
1411 1199 1525 1240 haud
1556 1199 1700 1240 iniuria

86 1263 190 1306 mihi
225 1264 446 1319 Zumptius
461 1262 476 1288 ¹
521 1265 687 1307 videtur
726 1266 961 1315 monuisse;
1004 1272 1119 1309 certe
1160 1266 1260 1308 nihil
1300 1266 1432 1309 habet
1467 1267 1574 1308 haec
1604 1280 1700 1308 con·

85 1329 220 1373 clusio
266 1333 542 1375 necessitatis.
605 1333 674 1374 De
718 1340 832 1374 statu
872 1346 1009 1375 rerum
1054 1334 1092 1375 Τ
1094 1335 1435 1382 ermessensium‚
1482 1334 1618 1388 qualis
1659 1335 1700 1375 in

86 1397 200 1441 bello
230 1398 519 1443 Mithridatico
549 1399 684 1449 suerit.
714 1400 815 1442 nihil
841 1401 1014 1454 quidem
1035 1409 1303 1456 compertum
1329 1402 1550 1450 habemus,
1576 1415 1699 1456 prop-

85 1470 152 1509 ter
189 1468 305 1520 quod
342 1467 484 1521 legem
512 1469 568 1510 ad
597 1475 760 1511 certum
789 1467 974 1522 aliquem
1004 1468 1102 1510 belli
1133 1483 1290 1511 annum
1322 1469 1570 1519 reseramus:
1602 1483 1698 1511 nam

86 1534 204 1587 quod
241 1533 335 1576 fuso
376 1535 622 1577 Mithridate
652 1548 870 1590 regnoque
900 1536 1068 1589 privato
1098 1551 1174 1591 per
1202 1537 1387 1578 hiemem
1410 1538 1508 1579 anni
1537 1538 1636 1588 684:
1646 1547 1702 1589 70

87 1599 264 1643 Lucullo
293 1601 451 1656 aliquid
478 1616 506 1645 a
533 1602 647 1645 bello
676 1603 830 1657 quietis
858 1604 1006 1645 datum
1035 1612 1114 1652 est.
1145 1618 1232 1658 quo
1261 1606 1317 1646 ad
1342 1618 1410 1646 res
1430 1604 1563 1646 Asiae
1587 1618 1699 1646 com-

85 1669 309 1722 ponendas
342 1676 529 1713 uteretur
542 1666 574 1719 ²,
615 1670 686 1712 vix
725 1670 823 1711 inde
861 1672 964 1713 certi
1003 1672 1236 1726 quidquam
1266 1672 1478 1725 colligitur
1511 1673 1568 1713 ad
1597 1680 1699 1714 tem-

84 1747 167 1790 pus
206 1727 312 1789 Iegis
351 1737 650 1780 definiendum.
710 1737 798 1780 Sed
832 1746 1013 1793 apparet
1041 1739 1139 1780 ideo
1168 1740 1230 1781 sic
1260 1740 1356 1793 lege
1386 1747 1556 1781 mutum
1586 1754 1695 1788 esse,

84 1814 140 1845 ne
166 1802 207 1852 ii,
238 1804 393 1858 quibus
421 1804 518 1859 lege
547 1804 787 1847 consultum
817 1805 1053 1855 noluerunt.
1084 1807 1292 1849 beneficia
1322 1807 1700 1849 'l'ermoesensibus

85 1869 243 1914 tributa
275 1872 332 1913 ad
371 1885 420 1914 se
458 1873 686 1915 traherent.
746 1872 793 1914 Si
822 1874 879 1915 ita
909 1881 988 1922 αεὶ,
1019 1888 1156 1928 aeque
1186 1875 1308 1917 facile
1337 1876 1516 1928 cogitari
1552 1882 1698 1929 potest

85 1941 216 1991 atque
253 1938 382 1981 etiam
420 1939 684 1983 verisimilius
712 1947 791 1989 oet,
822 1941 966 1995 paullo
996 1941 1163 1995 longius
1192 1943 1484 1984 intercessisse
1512 1950 1696 1997 tempus,

86 2016 164 2058 per
192 2006 308 2059 quod
329 2006 525 2048 homines
553 2008 718 2049 externi
747 2032 803 2039 —-
831 2009 986 2062 quibus
1013 2010 1070 2051 de
1099 2011 1239 2051 causis
1263 2011 1372 2052 scire
1392 2010 1587 2051 nimirum
1611 2024 1697 2052 non

85 2083 314 2125 possumus
343 2098 399 2104 -
427 2074 671 2117 facultatem
701 2075 814 2117 nacti
843 2076 884 2117 in
914 2076 1063 2118 urbem
1092 2077 1359 2131 immigrandi
1390 2078 1478 2119 iura
1509 2078 1696 2119 immuni-

83 2143 282 2193 ratesque
322 2141 412 2182 eius
453 2142 616 2184 civibus
655 2142 892 2197 impertitas
932 2144 974 2185 in
1014 2158 1135 2186 suam
1183 2145 1405 2187 utilitatem
1446 2153 1697 2188 convertere

84 2206 335 2261 potuissent,
377 2222 539 2263 eosque
567 2209 664 2263 lege
692 2209 777 2252 lata
806 2210 930 2252 huius
958 2211 1154 2254 beneficii
1189 2220 1392 2267 expertes
1421 2213 1558 2254 factos
1586 2228 1694 2255 esse.

85 2271 306 2318 Praeterea
334 2275 376 2317 in
406 2277 560 2318 eodem
590 2276 816 2331 plebiscito
845 2278 974 2332 paulo
1003 2279 1108 2321 infra
1138 2280 1186 2334 (Ι,
1209 2281 1278 2334 21)
1297 2306 1352 2312 -
1368 2281 1402 2322 si
1419 2288 1535 2322 recte
1555 2281 1694 2323 locum

85 2351 283 2384 mancum
331 2343 406 2384 viri
453 2344 570 2386 docti
617 2344 922 2399 suppleverunt
956 2371 1011 2376 —-
1048 2355 1409 2390 commemoratur
1457 2348 1526 2390 lex
1571 2363 1694 2402 quae-

85 2407 187 2449 dam
231 2407 367 2453 Gellia
408 2410 605 2453 Cornelia
642 2425 679 2453 a.
721 2407 896 2466 682s72,
936 2413 1006 2455 lex
1048 2415 1281 2458 consularis
1317 2418 1373 2458 de
1406 2417 1556 2457 iisdem
1596 2416 1694 2457 Ter-

85 2475 375 2519 messensibus
406 2477 504 2528 lata,
545 2480 600 2521 ad
630 2492 758 2534 quam
788 2480 929 2534 legem
958 2482 1170 2531 nonnulla,
1201 2497 1311 2537 quae
1341 2483 1473 2526 habet
1502 2483 1693 2538 plebisci-

84 2546 174 2582 tum
218 2542 466 2595 Antonium,
508 2546 751 2589 referuntur.
813 2547 901 2589 Res
944 2556 1087 2591 autem
1118 2550 1486 2593 Termessensium
1528 2552 1693 2592 duabus

84 2607 250 2662 legibus
279 2611 447 2653 duobus
475 2613 680 2668 deinceps
709 2615 830 2656 annis
860 2615 955 2657 latis
985 2618 1184 2659 constitui
1215 2633 1325 2673 opus
1353 2620 1481 2660 fuisse
1511 2620 1582 2659 vix
1607 2633 1692 2660 cre-

224 2717 233 2736 ¹
258 2716 280 2750 l.
306 2727 334 2752 c.
385 2744 392 2752 .
482 2744 492 2755 .

85 2825 150 2862 trib
222 2771 235 2792 ²
257 2726 396 2815 ΖυΜΡΞ,
414 2726 456 2807 i?
464 2727 496 2808 ἰ.
521 2783 553 2819 p.
576 2782 654 2820 435.
700 2775 943 2819 wemmam,
958 2778 1024 2813 Zur
1039 2778 1254 2814 Geschichte
1268 2780 1331 2815 des
1347 2781 1549 2816 romischen
1566 2783 1692 2818 Volks-

151 2835 253 2862 unats
277 2837 309 2872 p.
336 2837 387 2862 22.
