1982 3288
435 209 496 241 DE
527 208 718 240 TRIBUN.
751 208 855 240 POT.
889 209 919 239 A
950 206 1101 239 SULLA
1136 205 1383 237 IMMINUTA
1661 205 1710 246 23

110 335 367 389 reipublicae
410 341 553 389 partes
598 334 641 375 in
684 345 813 373 unum
860 331 1102 372 continendi
1138 343 1308 383 unoque
1338 329 1515 371 consilio
1543 327 1712 382 publica

106 403 281 456 negotia
309 401 628 443 administrandi
656 400 733 447 vis,
763 399 824 440 sic
854 398 944 438 fieri
974 397 1144 438 solitum
1173 404 1276 444 erat,
1302 403 1348 437 ut
1376 404 1420 438 et
1442 396 1605 450 patricii
1629 409 1712 436 ma-

106 471 309 523 gistratus
354 475 398 510 et
443 468 598 510 tribuni
639 466 789 522 plebis,
819 464 1024 519 quidquid
1054 464 1109 504 de
1138 462 1354 516 republica
1382 463 1712 504 administranda

108 538 163 579 ad
208 535 413 590 populum
459 535 686 590 plebemve
728 532 895 580 ferrent,
921 532 998 572 ‘ad
1027 530 1290 571 voluntatem
1321 537 1493 570 senatus
1523 544 1618 570 sese
1646 543 1711 571 ac-

104 605 443 645 commodarent.
512 601 642 655 Quod
688 611 948 654 quamquam
994 611 1081 639 non
1117 604 1209 638 erat
1251 596 1427 637 definite
1465 596 1560 648 lege
1596 611 1711 650 prae-

103 670 325 725 scriptum,
374 671 462 718 sed,
508 675 556 710 ut
600 668 659 709 ait
701 667 940 721 Appianus,
985 671 1150 706 tantum
1190 666 1480 719 νενομισμένον,
1510 677 1648 716 neque
1678 665 1712 703 is

108 751 204 779 mos
249 750 420 791 semper
464 741 658 777 servatus
700 740 779 783 est,
809 740 954 775 tamen
982 733 1042 774 ita
1072 731 1161 773 fieri
1193 738 1335 772 rectae
1364 730 1612 784 disciplinae
1642 731 1713 770 bd

106 805 233 859 nique
267 805 398 846 moris
426 816 523 844 esse
552 803 791 857 putabatur.
864 799 990 854 Quae
1020 799 1187 852 rogatio
1217 799 1274 841 ita
1304 798 1391 839 lata
1419 805 1522 846 erat,
1549 797 1632 839 lata
1656 798 1711 838 di-

101 871 282 914 cebatur
325 871 391 913 vel
438 870 491 911 de
532 869 736 912 sententia
769 863 968 910 senatus¹
1002 866 1070 908 vel
1098 880 1154 908 ex
1180 866 1385 908 sententia
1413 862 1612 907 senatus*
1645 865 1710 906 vel

100 952 161 980 ex
202 945 376 980 senatus
423 932 656 986 consulto³,·
701 935 923 978 dicebatur
956 936 1098 983 etiam,
1130 934 1172 975 id
1202 934 1319 988 quod
1351 933 1495 975 Livius
1525 933 1712 987 plurimis

105 1005 210 1049 locis
248 1006 392 1054 habet,
439 1005 524 1047 lata
568 1018 625 1047 ex
657 1003 904 1046 auctoritate
943 997 1156 1045 senatus⁴.
1187 1014 1447 1055 quamquam
1479 1000 1592 1042 haud
1622 1001 1711 1042 scio

98 1087 158 1115 an
205 1079 319 1115 recte
366 1073 658 1115 Mommsenus
686 1070 891 1118 docuerit,
921 1070 983 1111 sic
1013 1083 1099 1111 non
1129 1069 1299 1123 proprie
1329 1068 1489 1110 dictum
1519 1082 1615 1109 esse
1645 1081 1711 1109 ne-

98 1154 187 1195 que
230 1141 404 1183 omnino
451 1140 607 1182 liberae
650 1138 906 1193 reipublicae
943 1136 1221 1191 temporibus
1253 1137 1331 1177 sed
1362 1134 1528 1176 Livium
1559 1136 1600 1177 in
1631 1135 1711 1176 hac

104 1222 160 1257 re,
191 1209 302 1251 sicut
336 1209 378 1250 in
406 1207 509 1256 aliis,
539 1221 566 1248 a
595 1206 791 1261 publicae
820 1204 1138 1247 consuetudinis
1168 1204 1442 1258 proprietate,
1472 1217 1600 1257 quam
1630 1217 1712 1244 ser-

102 1275 234 1318 vabat
278 1275 410 1317 libera
458 1274 723 1329 respublica,¹
744 1273 1004 1315 discessisse.
1064 1271 1263 1326 Apparet
1297 1271 1358 1312 sic
1388 1272 1606 1325 provisum
1635 1284 1712 1312 eos

100 1343 300 1392 voluisse,
339 1356 393 1384 ne
421 1342 524 1396 quid
552 1348 714 1384 temere
741 1346 872 1395 atque
901 1340 1212 1384 inconsiderate
1240 1353 1266 1380 a
1295 1338 1457 1393 populo
1486 1339 1709 1380 iuberetur.

99 1411 252 1467 Itaque
295 1410 411 1465 apud
451 1410 699 1464 Appianum
745 1407 921 1451 Cassius
957 1414 1057 1449 ante
1086 1420 1275 1462 pugnam
1306 1405 1620 1461 Philippensem
1650 1407 1711 1447 sic

98 1479 159 1520 ad
187 1477 342 1520 milites
371 1477 574 1532 loquitur:
611 1477 676 1519 »in
705 1490 814 1531 pace
843 1482 1017 1518 senatus
1052 1488 1141 1517 rem
1170 1481 1271 1516 ante
1300 1473 1519 1522 deliberat,
1550 1487 1604 1515 ne
1634 1488 1713 1515 vos

98 1558 244 1587 errore
271 1545 552 1600 decipiamini,
582 1545 664 1599 ipsi
691 1549 834 1586 autem
864 1542 1058 1585 iudicatis
1085 1549 1216 1596 atque
1245 1541 1399 1584 iubetis
1427 1542 1614 1583 tributim
1645 1542 1711 1586 vel

98 1613 392 1655 centuriatim»
409 1607 439 1654 ⁶.
511 1613 604 1654 Nec
634 1625 736 1654 vero
766 1624 862 1653 raro
890 1618 965 1653 aut
993 1623 1325 1663 nonnumquam,
1356 1610 1434 1651 sed
1463 1609 1713 1663 plerumque

240 1753 251 1774 ¹
274 1752 361 1789 Cic.
386 1752 498 1787 Balb.
523 1761 577 1794 24,
606 1761 655 1796 55.
704 1751 791 1787 Liv.
818 1759 871 1795 25,
897 1760 928 1795 7.
977 1750 1163 1785 Macrob.
1188 1750 1272 1784 Sat.
1304 1760 1331 1793 3,
1360 1759 1410 1794 17,
1436 1759 1453 1784 2
1480 1750 1576 1795 Eyss.

238 1808 253 1831 ²
275 1808 362 1844 Cic.
386 1808 501 1845 Balb.
527 1810 560 1850 8,
587 1818 637 1848 ιο.

239 1864 362 1901 ⁸Cic.
385 1864 474 1901 Clu.
509 1873 566 1910 49,
594 1875 665 1910 ¹37·
714 1865 812 1911 Rep.
852 1875 880 1909 3,
920 1866 971 1907 18,
1007 1874 1061 1900 22.
1110 1864 1266 1900 Αςςοιι.
1304 1865 1344 1899 in
1380 1864 1470 1899 Mil.
1507 1876 1578 1908 urg.
1612 1875 1643 1910 p.
1674 1874 1707 1908 31

104 1919 228 1958 Kiessl.
274 1919 336 1958 Csr
371 1921 573 1963 Μοωιεεκ,
609 1922 714 1958 Rom.
744 1920 887 1957 Staatsr.
914 1920 971 1963 111,
996 1931 1027 1967 p.
1051 1920 1129 1966 996.
1178 1921 1259 1955 Non
1284 1929 1376 1955 recte
1402 1920 1504 1965 igitur
1527 1921 1712 1955 lemnus

100 1977 192 2013 inter
214 1977 301 2013 duas
324 1976 401 2013 illas
424 1976 590 2024 loquendi
614 1976 800 2013 formulas:
838 1977 902 2012 »de
926 1978 1005 2021 (ex)
1030 1977 1200 2012 sententia
1233 1986 1394 2012 senatus»
1424 1985 1459 2011 et
1485 1988 1547 2012 »ex
1572 1984 1712 2012 senatus

100 2032 289 2069 consulto»
314 2032 531 2080 aliquantum
556 2033 723 2069 interesse
747 2033 833 2075 vult,
857 2044 966 2079 quum
991 2033 1026 2067 in
1051 2033 1222 2068 sententia
1240 2033 1454 2068 Mommseni
1469 2034 1514 2068 de
1530 2034 1712 2078 plebiscito

99 2089 348 2125 Termessensi
372 2089 656 2136 reprehendenda
679 2089 763 2124 dicit
789 2089 831 2132 (l.
856 2101 885 2124 c.
910 2100 943 2135 p.
967 2090 1064 2134 434),
1089 2089 1117 2124 si
1142 2089 1364 2135 plebiscitum
1390 2089 1474 2124 illud
1496 2090 1714 2125 documento

102 2144 259 2181 futurum
295 2154 400 2188 esset,
422 2156 465 2181 ex
489 2153 630 2182 senatus
655 2145 820 2181 consulto
845 2146 1003 2181 tribunos
1027 2146 1137 2192 plebis
1162 2145 1277 2191 legem
1303 2144 1391 2181 serre
1415 2146 1583 2192 potuisse,
1607 2147 1712 2192 scrip-

103 2208 179 2238 tum
215 2212 292 2237 esse
328 2202 362 2236 in
393 2201 664 2248 praescriptione
700 2201 786 2248 legis
820 2202 983 2237 debuisse
1006 2213 1079 2237 non
1103 2205 1142 2236 de
1166 2208 1301 2236 semitas
1323 2205 1493 2242 sententia,
1517 2203 1578 2237 sed
1600 2217 1641 2236 es
1664 2217 1711 2236 se-

99 2263 203 2296 nam
237 2261 387 2293 consulto
411 2258 569 2294 tribunos
593 2258 732 2304 plebem
756 2269 909 2304 rogasse.
959 2259 1014 2294 An
1039 2259 1223 2305 quisquam
1249 2258 1368 2301 credit,
1394 2267 1431 2293 ut
1455 2258 1543 2293 locis
1569 2259 1611 2294 ab
1636 2259 1712 2304 ipso

105 2312 219 2351 allatis
253 2322 341 2355 utar,
376 2314 469 2350 aliud
505 2314 714 2350 Ciceronem
751 2313 945 2360 significare
981 2315 1146 2356 voluisse,
1175 2326 1284 2361 quum
1313 2314 1397 2350 dicit
1421 2314 1515 2350 Balb.
1541 2316 1573 2355 8,
1601 2325 1640 2360 19
1671 2329 1713 2349 ex

98 2381 142 2404 ea
176 2372 244 2415 loge
265 2382 370 2415 quam
394 2372 432 2407 L.
462 2373 584 2405 Gellius
611 2373 669 2406 Cn.
697 2373 869 2405 Cor-nemas
900 2385 941 2406 ex
963 2379 1099 2406 senatus
1122 2375 1278 2406 sententia
1305 2374 1459 2410 mter-unt,
1481 2371 1576 2407 aliud
1603 2383 1710 2418 quum

99 2424 188 2461 dicit
210 2424 288 2462 Clu.
311 2435 367 2473 49,
394 2436 456 2472 137
480 2441 562 2461 enum
587 2431 687 2461 oseam
711 2431 814 2472 legem
837 2441 878 2462 ex
902 2431 966 2462 isto
988 2435 1123 2463 senatus
1146 2432 1296 2462 consulto
1319 2430 1478 2463 baeulhes
1500 2432 1636 2462 tulerit?
1660 2430 1712 2463 Si·

101 2480 236 2518 militer
269 2491 378 2529 quum
414 2482 449 2519 in
472 2494 579 2529 opere
609 2485 763 2530 quodam
789 2484 846 2520 vel
876 2484 1036 2521 faciendo
1062 2485 1117 2520 vel
1145 2485 1326 2532 probando
1350 2484 1529 2531 (exempla
1555 2486 1634 2521 vide
1657 2497 1711 2531 ap.

109 2536 371 2581 Mounssxuu,
392 2538 499 2576 Rom.
524 2539 668 2576 Staatsr.
705 2540 762 2582 111,
787 2551 819 2585 p.
843 2540 910 2586 996
933 2541 1012 2576 adn.
1042 2551 1070 2586 3,
1094 2542 1171 2577 add.
1197 2541 1284 2576 Cic.
1309 2542 1358 2576 de
1382 2541 1463 2576 div.
1492 2552 1520 2582 1,
1535 2551 1566 2582 2,
1588 2543 1629 2584 4)
1652 2542 1713 2577 ali-

102 2592 186 2639 quid
222 2601 298 2628 tum
333 2595 376 2630 de
411 2603 552 2631 senatus
587 2596 770 2638 sententia,
796 2605 871 2631 tum
895 2608 938 2632 ex
962 2606 1104 2632 senatus
1128 2597 1292 2632 consulto
1316 2596 1370 2632 fa«.
1359 2606 1449 2632 ‘tum
1474 2610 1558 2655 esse
1576 2599 1630 2634 di
1621 2599 1711 2640 itur,

104 2657 291 2696 utrumque
315 2649 390 2685 sine
412 2650 519 2687 dubio
543 2651 635 2687 idem
662 2652 778 2688 xalere
802 2653 1076 2689 existimandum
1101 2662 1164 2689 est.

240 2717 255 2738 ⁴
278 2717 369 2752 Vide
392 2717 595 2762 Mousex,
618 2720 723 2756 Rom.
748 2719 891 2756 Staatsr.
906 2720 964 2763 111,
977 2731 1009 2767 p.
1026 2731 1109 2766 1033
1127 2722 1203 2757 adn
1224 2732 1253 2757 2.
1291 2723 1452 2757 Bncxm
1456 2723 1595 2761 MQxRQt
1601 2733 1709 2763 mur,

106 2773 240 2808 Handb.
265 2773 326 2808 der
350 2774 537 2811 rom.A1t
562 2775 603 2817 11,
630 2785 660 2821 3,
684 2787 716 2823 p.
746 2778 816 2812 118.

241 2830 254 2850 ὅ
279 2830 380 2876 App.
414 2831 449 2866 B.
481 2831 522 2867 C.
552 2840 585 2874 4,
614 2841 658 2876 92
689 2836 728 2870 τὸ
751 2840 858 2882 κῦρος
882 2834 997 2870 τόδε
986 2849 1021 2870 εν
1043 2841 1117 2871 τοῐ
1105 2835 1240 2884 ,lurp-q
1229 2842 1331 2878 κιοῖς
1358 2836 1411 2884 ἐφ’
1424 2838 1509 2885 &uum
1492 2838 1584 2871 »νὰ-
1588 2838 1709 2883 τιλνιμ-
