1982 3288
431 206 493 236 DE
523 205 715 238 TRIBUN.
749 205 851 237 POT.
885 207 916 237 Α
947 206 1097 238 SULLA
1131 207 1377 240 IMMINUTA
1658 213 1704 252 13

98 345 245 373 revera
273 330 387 372 nullo
415 331 548 371 modo
577 330 862 370 necessarium
891 337 958 371 est
981 337 1179 379 statuere,
1203 332 1439 374 Antonium
1465 333 1588 374 ludos
1605 347 1707 375 suos

98 399 252 441 fecisse
289 396 489 447 aedilem3
530 402 676 451 potest
703 396 832 437 etiam
862 396 1015 437 secisse
1044 398 1086 438 in
1116 388 1324 450 praetura.
1357 402 1564 453 praetoris
1594 402 1705 443 enim

98 466 246 509 urbani
273 470 364 507 erat
393 463 588 505 ludorum
618 462 929 517 Apollinarium
959 477 1070 504 cura.

232 531 355 586 Quae
395 538 539 573 autem
579 530 772 572 Antonio
802 530 900 571 iuris
929 531 1098 572 dicendi
1130 531 1196 572 vel
1227 535 1457 585 quaerendi
1488 537 1707 588 provincia

95 601 139 643 in
177 605 374 655 praetura
403 598 637 646 obvenerit,
680 597 793 638 haud
835 598 961 639 certis
991 598 1164 652 quidem
1199 600 1454 641 testimoniis
1488 604 1706 654 cognitum

96 666 316 710 habemus.
375 665 422 707 Si
465 672 627 707 certum
657 671 785 714 esset,
816 665 859 706 id
889 667 1006 719 quod
1037 665 1167 718 vulgo
1197 667 1456 716 existimant,
1488 677 1707 722 praetores

95 735 223 777 fuisse
265 746 416 775 omnes
455 746 544 782 eos,
590 733 662 787 qui
702 733 817 786 apud
847 731 1100 774 Ciceronem
1130 733 1172 774 in
1202 733 1480 777 Cluentiana¹
1514 737 1709 778 dicuntur

95 800 414 857 quaestionibus
450 800 695 855 praefuisse,
734 799 790 841 M.
823 799 1090 849 Plaetorium,
1122 800 1170 842 C.
1205 801 1468 852 Flaminium,
1502 804 1558 845 M.
1592 804 1708 846 Cice·

96 882 254 917 roncin,
296 867 345 909 C.
388 867 652 917 Orchivium.
690 866 738 908 C.
771 866 1003 920 Aquilium,
1034 868 1205 909 adiecto
1235 882 1291 910 ex
1323 867 1549 912 Asconio⁸
1581 879 1709 913 sexto

94 942 294 992 praetore
331 935 372 976 P.
411 934 576 984 Cassio,
614 935 732 976 cuius
767 935 962 989 quaestio
997 942 1087 977 erat
1117 937 1172 976 de
1202 937 1437 986 maiestate,
1469 939 1710 981 efficeretur

94 1003 333 1046 Antonium
363 1002 463 1044 nulli
494 1002 732 1056 quaestioni
763 1002 1008 1056 praefuisse.
1040 1004 1117 1044 sed
1147 1003 1324 1045 alteram
1349 1012 1485 1047 utram
1510 1006 1710 1048 habuisse

94 1070 436 1113 iurisdictionem.
497 1069 585 1112 Sed
642 1069 919 1111 dubitationis
965 1070 1122 1124 aliquid
1165 1072 1263 1112 inde
1301 1074 1502 1121 exoritur,
1551 1075 1585 1115 si
1622 1076 1709 1115 duo

93 1152 150 1181 ex
179 1138 242 1188 iis,
273 1137 525 1179 Flaminium
555 1143 599 1179 et
628 1137 895 1185 Plaetorium,
926 1151 1011 1179 non
1042 1145 1274 1192 praetores,
1300 1141 1377 1181 sed
1402 1141 1563 1182 iudices
1586 1156 1708 1196 quae-

93 1205 243 1248 stionis
271 1206 380 1247 inter
407 1205 582 1247 sicarios
611 1204 830 1259 quaesisse
863 1205 1194 1248 existimandum
1213 1202 1334 1258 επις
1365 1222 1624 1263 quamquam
1648 1210 1709 1251 sie

93 1273 245 1317 minim
285 1274 606 1327 quodammodo
651 1272 817 1313 videtur
859 1272 927 1313 illa
965 1273 1080 1314 sicae
1117 1280 1161 1315 et
1198 1276 1349 1316 veneni
1386 1276 1538 1318 iudicia
1567 1284 1640 1319 aut
1667 1278 1709 1319 in

91 1346 179 1384 tres
208 1340 479 1395 quaestiones
508 1340 732 1392 distributa
762 1339 903 1388 fuisse,
934 1353 1112 1395 quarum
1142 1341 1241 1383 nulli
1271 1351 1443 1397 praetor
1478 1352 1708 1398 praeesset,

91 1414 165 1453 aut
193 1408 235 1450 in
265 1414 476 1462 quattuor,
506 1408 542 1449 si
572 1421 699 1449 unam
729 1408 937 1462 praetoris
966 1407 1095 1449 fuisse
1124 1415 1335 1463 putamus
1395 1410 1483 1452 Sed
1514 1419 1606 1454 utut
1627 1413 1710 1454 hoc

93 1481 172 1526 est,
210 1489 266 1517 ex
296 1474 392 1517 loco
422 1474 493 1516 illo
530 1475 802 1517 Murenianae
833 1475 916 1529 (19.
947 1476 1032 1528 40),
1064 1477 1098 1517 si
1130 1476 1319 1531 ipsorum
1351 1479 1577 1521 verborum
1608 1494 1710 1535 pon·

93 1544 195 1585 deta
230 1542 453 1596 diligenter
489 1543 796 1591 examinamuS,
836 1549 951 1584 recte
981 1544 1148 1585 videtur
1181 1544 1324 1598 colligi
1354 1559 1497 1600 posse,
1528 1561 1614 1589 non
1645 1562 1708 1589 so

92 1609 179 1653 lum
213 1610 347 1652 serius
389 1623 518 1664 quam
554 1609 808 1652 Ciceronem
846 1610 970 1651 ludos
1009 1611 1247 1653 Antonium
1278 1612 1442 1662 secisse,
1474 1616 1550 1655 sed
1581 1617 1709 1658 etiam

91 1676 215 1720 ludos
245 1677 397 1719 fecisse
426 1683 680 1733 praetorem.
741 1677 804 1719 Ibi
834 1678 947 1719 enim
978 1680 1245 1733 comparatio
1270 1679 1329 1729 fit,
1357 1683 1435 1723 utri
1459 1695 1515 1723 ex
1541 1684 1710 1725 duobus

91 1745 330 1788 candidatis
366 1745 502 1787 maior
542 1758 643 1799 spes
680 1745 804 1787 fuerit
841 1746 1087 1788 consulatus
1115 1748 1393 1801 adipiscendi,
1428 1749 1474 1791 L.
1508 1750 1710 1793 Murenae

91 1825 148 1855 an
183 1811 226 1854 S.
266 1811 454 1867 Sulpicio
494 1812 619 1862 Ruso,
656 1826 712 1854 ex
755 1812 910 1867 quibus
947 1813 1123 1855 Murena
1159 1815 1309 1856 aedilis
1339 1829 1423 1857 non
1454 1817 1600 1866 fuerat,
1631 1821 1709 1861 sed

93 1886 265 1935 praetor
301 1879 617 1934 magnificentia
660 1880 856 1922 ludorum
895 1882 1175 1935 conspicuum
1211 1897 1258 1924 se
1295 1883 1466 1933 fecerat,
1498 1885 1710 1941 Sulpicius

93 1959 232 2002 neque
261 1947 475 1990 aedilitate
504 1947 672 1990 functus
701 1954 793 1989 erat
812 1961 952 2002 neque
975 1949 1018 1989 in
1043 1956 1240 2003 praetura
1260 1950 1384 1992 ludos
1404 1952 1513 1994 ullos
1537 1953 1706 1996 fecerat.

93 2013 205 2055 Tum
245 2013 409 2063 Cicero,
450 2013 667 2061 delectant,
709 2015 856 2070 inquit,
897 2014 1102 2062 honeines,
1139 2017 1250 2058 milei
1276 2018 1412 2065 crede,
1441 2019 1548 2065 ludi,
1578 2022 1707 2063 etiam

90 2079 187 2123 illos
226 2082 303 2136 qui
339 2081 627 2144 dtkft'mulant,
669 2096 751 2125 non
791 2081 929 2124 solum
969 2097 1039 2124 eos
1068 2084 1147 2138 qui
1157 2085 1388 2138 salemum
1416 2088 1533 2141 quod
1556 2102 1634 2143 ego
1662 2090 1707 2130 in

91 2161 188 2191 mea
218 2149 424 2202 petitione
461 2149 588 2191 sensi.
647 2149 767 2192 Nam
807 2163 884 2191 nos
912 2163 1076 2205 quoque
1103 2151 1333 2195 habuimus
1360 2168 1530 2198 scenam
1553 2164 1707 2211 compe-

89 2214 282 2259 tz’tricem.
347 2215 476 2268 Quod
509 2217 552 2259 si
588 2231 677 2272 ego,
718 2218 796 2271 qui
832 2207 968 2259 tm‘nos
996 2217 1120 2260 ludos
1147 2220 1305 2262 aedilis
1324 2222 1534 2272 feceram.
1563 2231 1705 2266 tamen

91 2280 270 2326 Antonii
310 2282 427 2326 ludis
469 2285 774 2330 commovebar,
816 2284 906 2328 tibi.
947 2286 1025 2340 qm·
1061 2300 1162 2328 casu
1201 2287 1340 2329 nullos
1363 2290 1555 2342 feceras.
1597 2292 1710 2334 nihil

92 2346 220 2393 haias
247 2349 375 2394 istam
404 2352 558 2406 ipsam,
588 2365 718 2407 quam
748 2352 920 2399 im'des,
949 2360 1199 2407 argenteam
1227 2370 1398 2398 scenam
1426 2358 1704 2401 adversatam

83 2417 247 2471 putas?
301 2417 500 2475 Apparet
534 2419 668 2462 multo
698 2420 836 2474 magis
861 2422 1091 2463 commode
1127 2422 1236 2464 inter
1273 2438 1320 2464 se
1350 2428 1587 2480 comparari
1618 2428 1703 2469 An-

92 2484 255 2526 tonium
283 2491 328 2528 et
356 2485 591 2536 Murenam,
621 2489 657 2529 si
686 2495 924 2531 statuamus
953 2495 1178 2543 utrumque
1207 2490 1331 2532 ludos
1360 2506 1474 2534 suos.
1492 2494 1644 2537 secisse
1663 2497 1704 2537 in

235 2613 244 2633 ¹
268 2612 352 2648 Cic.
377 2613 467 2649 Clu.
497 2624 548 2660 53,
578 2625 651 2661 ¹47·

231 2668 243 2688 ²
268 2667 360 2704 Asc.
385 2679 468 2716 arg.
493 2670 621 2709 Corn.
647 2682 679 2717 p.
708 2681 747 2715 52
772 2672 899 2708 Kiessl.

231 2724 242 2744 ³
267 2723 468 2760 MOMMSEN.
493 2725 598 2763 Rom.
620 2727 839 2764 Staatsrecht
862 2728 929 2770 11³,
953 2739 985 2774 p.
1014 2730 1087 2772 588,
1111 2730 1190 2765 adn.
1216 2741 1235 2766 2
1259 2731 1340 2776 (Cfr
1357 2733 1460 2768 Rom.
1477 2734 1702 2770 Munzwesen

93 2788 126 2824 p.
150 2779 213 2824 623
239 2779 318 2816 adn.
342 2789 406 2825 453
432 2789 468 2816 et
492 2792 524 2828 p.
547 2782 615 2819 616
637 2784 716 2820 adn.
740 2794 819 2828 440,
843 2786 901 2821 ubi
925 2796 989 2820 eos
1013 2795 1191 2832 praetores
1215 2787 1321 2823 fuisse
1347 2792 1483 2833 censet)
1508 2800 1541 2825 et
1567 2792 1701 2826 wizun-

94 2835 316 2876 MANN‚Fasti
332 2837 495 2882 praetorii
520 2848 551 2884 p.
576 2839 621 2882 48
644 2847 679 2875 et
707 2850 757 2884 50.
