1982 3288
249 202 274 240 4
885 196 915 239 J.
951 196 996 228 Μ.
1030 190 1216 229 summm

245 325 277 365 si
316 338 398 377 qua
437 323 553 364 finite
584 322 720 376 magis
751 330 794 364 et
823 321 1064 375 singillatim
1096 330 1494 370 commemorantur,
1526 337 1576 364 ea
1608 337 1737 377 saepe
1766 325 1856 365 eius

245 392 359 432 modi
402 398 510 439 sunt,
554 396 598 431 ut
639 391 858 444 quomodo
893 389 1066 442 intelligi
1104 390 1301 439 debeant,
1342 391 1380 431 in
1412 391 1542 431 dubio
1572 405 1667 431 csse
1698 391 1854 444 possin

245 458 522 512 quamobrem
565 457 677 499 haud
719 458 869 498 mirum
915 464 982 499 est
1023 458 1278 499 recentiores
1317 458 1546 511 scriptores
1578 459 1713 499 varias
1751 458 1857 499 inter

242 540 374 580 seque
404 526 594 567 diversas
624 526 677 566 (le
707 539 757 566 ea
789 539 832 566 re
863 525 1088 579 protulisse
1109 525 1351 566 sententias.
1415 524 1542 566 Velut
1565 539 1694 579 quum
1721 525 1857 566 Caear

244 589 373 636 dicit¹
415 592 573 634 Sullam
614 594 770 633 nudata
808 592 1005 633 omnibus
1043 592 1168 632 rebus
1203 592 1422 633 tribunicia
1462 599 1676 646 potestate
1713 599 1855 634 tamen

243 661 589 702 intercessionem
610 660 784 700 liberam
807 658 1036 712 reliquisse,
1058 658 1232 700 forsitan
1252 660 1402 713 aliquis
1418 660 1658 706 coniecerit,
1679 660 1720 700 id
1741 661 1856 713 quod

244 742 389 769 revera
427 742 452 768 a
492 728 639 768 l'etero
680 726 835 767 sactum
878 733 944 767 est
959 723 989 774 ²,
1033 727 1093 767 sic
1124 725 1283 767 Sullam
1314 727 1595 774 constituisse,
1629 734 1673 768 ut
1703 726 1854 768 tribuni

243 803 384 837 cetera
415 795 556 835 onmia
587 794 674 834 iura
704 794 957 842 amitterent,
990 794 1335 834 intercessionem
1368 793 1492 847 plane
1522 794 1663 841 talem,
1688 793 1856 848 qualem

242 870 367 904 antea
425 862 684 907 habuissent,
725 861 961 901 retinerent.
1023 860 1110 901 Sed
1146 867 1289 902 tamen
1329 868 1498 902 constat
1533 875 1670 915 neque
1714 868 1855 903 cetera

245 930 387 971 omnia
429 930 516 970 iura
559 927 718 969 Sullam
761 929 809 969 iis
847 928 1060 969 ademisse
1101 941 1238 982 neque
1270 928 1615 971 intercessionem
1647 929 1854 982 integram

246 996 475 1051 reliquisse,
516 1009 613 1037 nam
644 995 754 1037 hanc
785 1009 956 1050 quoque
987 995 1141 1037 finibus
1170 995 1485 1049 angustioribus
1514 996 1854 1050 circumscripsit,

242 1065 321 1105 etsi
353 1064 422 1117 qui
455 1062 510 1104 illi
542 1062 649 1104 fines
669 1062 832 1111 suerint,
864 1076 949 1103 non
979 1063 1082 1104 satis
1113 1069 1228 1104 certe
1249 1063 1540 1116 cognovimus.
1590 1062 1698 1105 Sunt
1713 1071 1855 1105 autem

242 1132 373 1173 verba
412 1130 479 1172 illa
519 1131 559 1172 in
590 1130 802 1180 contione,
839 1143 966 1184 quam
998 1130 1158 1171 Caesar
1186 1131 1241 1172 ad
1272 1130 1426 1172 milites
1456 1130 1746 1172 cohortandos
1774 1131 1858 1172 ani·

243 1213 423 1253 mosque
465 1212 611 1239 eorum
653 1197 892 1239 incitandos
934 1197 1093 1246 habuit,
1135 1198 1381 1252 dictumque
1423 1197 1521 1239 illud
1558 1197 1671 1246 vult,
1700 1198 1758 1239 ab
1787 1197 1856 1240 ini-

242 1266 362 1308 micis
392 1266 491 1315 suis,
523 1266 593 1320 qui
624 1272 713 1307 tum
745 1265 910 1306 Romae
940 1266 1268 1313 dominarentur,
1300 1279 1384 1306 non
1415 1265 1552 1306 solum
1579 1278 1701 1307 suum
1727 1265 1856 1307 hono·

241 1347 329 1375 rem
360 1348 456 1375 esse
486 1333 760 1381 deminutum,
792 1334 869 1373 sed
898 1332 1026 1374 etiam
1057 1332 1234 1374 tribunis
1264 1332 1402 1387 plebis
1431 1339 1572 1375 tantas
1602 1332 1738 1375 illatas
1761 1346 1857 1375 esee

241 1402 422 1449 iniurias,
464 1407 644 1454 quantas
681 1414 733 1440 ne
763 1414 787 1440 a
819 1399 934 1441 Sulla
971 1400 1143 1454 quidem
1162 1401 1440 1454 accepissent.
1500 1400 1548 1442 ln
1578 1401 1770 1442 oratione
1798 1400 1857 1442 ita

241 1469 282 1510 in
308 1469 507 1509 invidiam
538 1482 697 1517 eorum,
730 1468 771 1508 in
801 1481 910 1521 quos
940 1467 1149 1509 invehitur
1178 1468 1213 1508 is
1243 1468 1314 1521 qui
1344 1468 1459 1515 dicit,
1489 1475 1752 1521 exaggerata
1771 1480 1857 1510 non

241 1543 339 1577 sunt
380 1535 544 1588 singula
586 1535 716 1576 verba
746 1536 991 1589 premenda,
1023 1536 1100 1576 sed
1136 1549 1190 1576 ex
1223 1542 1314 1576 tota
1345 1548 1483 1577 rerum
1513 1535 1785 1578 cohaerentia
1813 1541 1858 1578 et

243 1618 298 1644 ex
339 1610 482 1645 mente
520 1603 744 1644 scribentis
783 1601 849 1643 vel
892 1602 1072 1644 dicentis
1102 1603 1386 1651 iudicandum,
1417 1609 1622 1656 quantum
1650 1602 1702 1644 iis
1729 1603 1787 1646 sit
1813 1603 1857 1645 in

242 1671 418 1712 historia
449 1670 547 1712 fidei
578 1670 859 1711 tribuendum.
920 1669 1119 1711 Similiter
1149 1684 1204 1711 ex
1237 1669 1333 1712 loco
1363 1671 1551 1724 quodam
1581 1668 1857 1713 Cluentianae

243 1737 462 1780 Ciceronis
477 1733 508 1787 ³,
552 1738 622 1778 ubi
662 1737 708 1778 L.
751 1736 975 1791 Quinctius
1012 1737 1203 1779 tribunus
1258 1737 1396 1791 plebis
1425 1751 1461 1778 a.
1493 1734 1596 1785 680!
1601 1748 1657 1790 74
1696 1738 1856 1792 primus

243 1807 395 1848 dicitur
420 1813 522 1860 post
544 1805 878 1846 dominationem
899 1804 1114 1847 Sullanam
1139 1805 1343 1859 populum
1362 1806 1417 1846 ad
1436 1805 1680 1847 contionem
1701 1818 1856 1847 convo-

243 1888 366 1915 casse
407 1874 551 1927 ibique
592 1874 647 1914 de
689 1871 904 1927 republica
945 1873 1118 1921 dixisse,
1161 1872 1279 1914 multi
1320 1879 1419 1914 sunt
1431 1868 1463 1921 ⁴,
1506 1873 1576 1926 qui
1608 1872 1858 1927 collegerint

243 1941 404 1984 Sullam
443 1941 636 1982 tribunos
667 1941 754 1981 iure
795 1941 1017 1982 contiones
1058 1940 1243 1981 habendi
1283 1941 1491 1994 privasse;
1531 1953 1678 1981 revera
1712 1946 1856 1983 autem

243 2009 344 2050 nihil
375 2009 487 2050 aliud
518 2009 584 2049 his
614 2008 755 2049 verbis
789 2007 1017 2062 significari
1047 2021 1224 2049 necesse
1254 2014 1332 2055 est,
1363 2008 1440 2048 nisi
1473 2007 1605 2049 fracta
1633 2021 1684 2049 ac
1714 2004 1858 2050 debili-

243 2083 333 2118 tata
382 2083 598 2130 potestate
639 2076 860 2117 tribunicia
897 2075 1083 2117 animum
1124 2075 1317 2116 tribunos
1357 2075 1706 2129 voluntatemque
1744 2073 1856 2118 dese·

243 2145 354 2186 cisse
383 2144 707 2193 multitudinem,
739 2150 785 2184 ut
813 2149 924 2192 ante,
956 2143 1210 2192 concitandi,
1243 2141 1490 2196 Quinctium
1509 2149 1654 2185 autem
1672 2142 1855 2197 primum

244 2212 456 2254 silentium
507 2211 607 2252 illud
647 2211 916 2252 tribunicium
955 2211 1118 2265 rupisse
1159 2210 1464 2264 pristinamque
1506 2210 1855 2252 consuetudinem

245 2280 567 2334 quodammodo
618 2292 865 2329 revocasse;
908 2292 1018 2332 quae
1064 2278 1144 2319 loci
1186 2278 1476 2331 interpretatio
1517 2277 1631 2319 haud
1669 2277 1761 2319 scio
1799 2291 1856 2319 an

244 2361 356 2388 nunc
386 2346 599 2401 plerisque
629 2346 843 2400 probetur.

380 2413 466 2456 Sed
503 2416 558 2455 de
593 2413 896 2455 intercessione
933 2414 1197 2454 tribunorum
1233 2414 1372 2466 deque
1401 2426 1549 2454 eorum
1579 2413 1666 2454 iure
1697 2413 1856 2454 contio-

386 2556 394 2575 ¹
419 2554 546 2590 Caes.
571 2554 607 2588 B.
634 2554 675 2588 C.
706 2564 733 2595 1,
759 2563 788 2598 7.
815 2553 874 2588 cfr.
905 2564 933 2596 1,
962 2564 988 2597 ς.

383 2610 396 2630 “-’
420 2610 553 2652 PETER,
579 2610 684 2644 Rom.
710 2609 839 2644 Gesch.
866 2609 895 2644 11
910 2610 936 2652 ⁴,
961 2620 993 2654 p.
1022 2619 1095 2644 122.

383 2666 397 2686 ³
420 2666 505 2700 Cic.
530 2666 619 2701 Clu.
643 2675 700 2708 40,
729 2676 801 2702 110.

382 2724 397 2743 ⁴
420 2722 527 2758 Velut
562 2723 721 2765 Runmo,
757 2723 800 2757 de
837 2722 1020 2757 tribunicia
1051 2731 1238 2768 potestate,
1275 2733 1307 2768 p.
1345 2721 1491 2767 34-363
1527 2722 1632 2763 Ram,
1666 2719 1853 2756 le-Enc.

246 2778 306 2821 VI,
330 2790 362 2824 p.
387 2789 493 2821 21123
518 2779 724 2821 Daummx,
749 2778 877 2814 Gesch.
903 2779 1017 2814 Roms
1042 2780 1084 2822 11,
1108 2791 1139 2825 p.
1164 2780 1248 2822 484:
1273 2779 1430 2821 Eccum,
1455 2778 1590 2813 Handb.
1614 2777 1648 2812 d.
1672 2780 1762 2813 rom.
1792 2777 1855 2812 Al-

247 2835 452 2877 terthfimer,
477 2835 518 2877 ΙΙ,
545 2844 575 2877 2,
601 2846 632 2880 p.
660 2836 735 2870 288.
