1982 3288
264 200 315 240 24
890 193 921 235 J.
956 193 1003 226 M.
1036 183 1226 226 sumum

262 323 302 363 id
334 321 489 362 sactum
520 326 621 369 erat,
654 326 698 361 ut
727 319 878 362 tribuni
910 332 1082 374 quoque
1113 319 1356 371 rogationes
1385 331 1482 359 suas
1512 318 1666 359 ferrent
1695 332 1749 359 ex
1770 332 1864 360 auc-

262 390 431 430 toritate
475 394 658 435 senatus,
706 388 816 428 adeo
859 392 905 428 ut
950 386 985 427 si
1032 386 1132 440 quid
1167 387 1371 427 adversus
1403 384 1661 427 voluntatem
1693 393 1869 428 senatus

263 456 327 497 vel
375 454 527 496 tribuni
576 462 798 507 rogassent
836 453 902 495 vel
938 453 1062 508 plebs
1091 453 1298 502 scivisset,
1330 466 1413 494 non
1445 453 1485 493 id
1515 452 1686 507 quidem
1716 459 1867 494 contra

262 523 412 576 legem,
443 523 521 563 sed
550 529 698 563 contra
728 520 1031 575 rempublicam
1062 520 1219 562 sactum
1250 516 1501 561 videretur¹.
1564 518 1625 562 At
1654 519 1864 562 Graccha-

261 591 325 631 nis
353 589 618 643 temporibus
648 589 793 643 iisque,
815 602 925 642 quae
954 594 1106 641 postea
1136 594 1283 629 secuta
1312 594 1421 635 sunt,
1453 600 1519 627 res
1550 586 1710 629 scilicet
1739 586 1866 642 plane

261 663 351 699 erat
379 663 552 698 mutata.
614 656 716 697 Erat
746 657 870 708 igitur
899 655 1005 696 haec
1042 653 1183 695 Sullae
1214 655 1380 707 rogatio
1409 654 1569 707 antiqui
1599 652 1708 695 illius
1735 661 1866 708 atque

262 725 411 777 integri
456 724 585 765 moris
633 724 863 770 renovatio,
906 723 964 763 ita
998 727 1043 762 ut
1072 721 1189 774 quod
1218 727 1344 762 antea
1373 734 1449 763 usu
1479 721 1776 763 tantummodo
1807 734 1868 763 re·

262 799 432 846 ceptum
464 791 621 838 suisset,
654 791 694 830 id
725 789 944 830 sanctione
974 787 1080 841 legis
1110 787 1346 829 firmaretur
1373 794 1502 842 atque
1531 788 1771 830 muniretur.

394 857 542 899 Altera
572 864 714 898 autem
745 858 798 897 de
828 855 1010 897 comitiis
1041 854 1218 908 rogatio,
1250 860 1295 896 ut
1324 855 1601 903 centuriatim,
1626 869 1712 897 non
1741 855 1866 897 tribu·

261 927 335 967 tim
383 924 567 979 populus
612 925 651 965 in
699 924 943 976 suffragium
982 922 1230 971 mitteretur,
1278 922 1348 963 vix
1380 921 1555 963 dubium
1584 929 1663 971 est,
1693 923 1794 976 quin
1822 923 1866 965 id

261 993 495 1046 argumenti
543 991 750 1039 habuerit,
790 998 836 1032 ut
865 989 1053 1032 conciliis
1082 989 1232 1044 plebis,
1265 989 1333 1030 ubi
1364 989 1552 1031 tributim
1583 988 1783 1043 suffragia
1812 988 1865 1032 se-

262 1060 471 1107 rebantur,
511 1066 706 1113 potestas
739 1059 980 1100 demeretur
1018 1057 1159 1110 legum
1188 1057 1517 1106 sciscendarum,
1547 1056 1702 1110 quibus
1730 1055 1871 1099 conci·

262 1127 324 1168 liis
370 1141 499 1180 quum
546 1126 698 1168 tribuni
744 1125 881 1180 plebis
927 1131 1151 1179 praessent
1187 1125 1228 1166 in
1258 1124 1392 1178 iisque
1421 1123 1751 1171 dominarentur.
1780 1136 1867 1167 non

260 1194 397 1236 solum
428 1208 490 1243 ea,
531 1207 640 1247 quae
670 1194 710 1234 in
741 1192 956 1247 republica
986 1191 1317 1233 administranda
1346 1191 1424 1232 sibi
1456 1198 1779 1245 proposuerant.
1809 1190 1871 1233 ita

261 1262 524 1310 obtinebant,
556 1262 632 1302 sed
667 1261 796 1302 etiam
826 1261 868 1301 id
897 1260 1147 1301 acerrimum
1177 1258 1308 1300 telum
1337 1258 1555 1300 habebant
1583 1259 1639 1299 ad
1668 1271 1778 1312 opes
1804 1269 1867 1301 se-

260 1336 383 1371 natus
427 1335 555 1382 atque
602 1328 833 1370 nobilitatis
873 1327 1138 1381 frangendas.
1199 1326 1332 1380 quue
1362 1327 1420 1368 ita
1447 1339 1543 1367 esse
1573 1339 1628 1367 ex
1659 1326 1708 1367 iis
1737 1325 1869 1369 etiam

262 1397 382 1438 facile
426 1396 648 1448 colligitur,
687 1410 798 1449 quae
845 1396 900 1436 de
938 1395 1077 1436 causis
1106 1394 1164 1435 rei
1195 1393 1422 1448 Appianas
1449 1393 1625 1443 addidit,
1656 1400 1867 1435 remotum

261 1465 305 1505 iri
343 1477 514 1505 causam
559 1464 864 1516 materiemque
909 1462 1177 1510 seditionum,
1213 1461 1248 1502 si
1278 1474 1363 1501 non
1393 1474 1527 1514 penes
1554 1474 1765 1515 pauperes
1794 1459 1869 1501 ho-

261 1532 395 1581 mines
424 1538 467 1572 et
495 1532 692 1579 audaces,
723 1531 799 1571 sed
830 1543 963 1584 penes
991 1542 1080 1578 eos,
1111 1529 1181 1582 qui
1213 1541 1349 1570 rerum
1379 1527 1595 1582 opulentia
1623 1533 1668 1569 et
1690 1527 1868 1582 pruden-

259 1600 317 1640 tia
348 1598 510 1640 consilii
542 1597 742 1645 valerent,
773 1597 1028 1639 decernendi
1058 1596 1276 1637 arbitrium
1305 1601 1432 1637 esset.

395 1666 457 1706 Ita
495 1665 573 1706 sibi
606 1679 694 1706 rem
725 1665 949 1705 informare
979 1663 1228 1718 Appianum
1258 1662 1414 1716 legenti
1454 1661 1650 1704 facillime
1679 1662 1721 1703 in
1750 1673 1864 1705 men·

260 1740 347 1774 tem
387 1733 514 1780 venit,
553 1747 631 1773 nec
669 1733 843 1773 dubium
882 1738 960 1779 est,
992 1732 1093 1784 quin
1122 1730 1382 1784 antiquiores
1411 1743 1562 1771 omnes
1590 1730 1652 1771 sic
1681 1741 1778 1771 eum
1807 1726 1866 1770 lo·

261 1814 357 1842 cum
402 1799 694 1841 intellexerint.
756 1799 876 1840 Haec
905 1805 1047 1840 autem
1077 1798 1368 1852 interpretatio
1397 1810 1494 1838 curn
1525 1796 1686 1838 ratione
1715 1809 1864 1838 eorum

261 1882 346 1909 non
375 1868 586 1916 convenit,
618 1867 688 1920 qui
720 1867 896 1908 tribunis
920 1867 1133 1919 quandam
1158 1865 1299 1919 legum
1323 1864 1589 1905 ferendarum
1605 1870 1866 1918 potestatem

261 1950 287 1977 a
315 1935 430 1977 Sulla
460 1934 659 1976 tributam
690 1933 849 1984 volunt;
885 1933 966 1974 alia
995 1933 1120 1986 igitur
1150 1933 1397 1986 excogitata
1426 1938 1503 1972 est.
1574 1930 1723 1985 Atque
1752 1928 1870 1982 illud,

262 2004 378 2057 quod
422 2004 476 2043 de
520 2009 681 2050 senatu,
712 2008 941 2055 antequam
972 2014 1038 2041 res
1067 2001 1123 2041 ad
1152 1998 1356 2054 populum
1387 1998 1574 2047 serretur,
1604 1996 1871 2041 consulendo

261 2071 465 2124 scriptum
512 2076 589 2118 est,
626 2083 711 2110 non
746 2070 801 2109 ad
836 2068 1037 2122 patricios
1066 2068 1340 2120 magistratus
1367 2066 1579 2120 pertinere
1607 2065 1870 2116 existimant,

262 2139 338 2179 sed
367 2138 664 2178 tantummodo
693 2138 748 2177 ad
777 2136 981 2177 tribunos.
1041 2135 1105 2176 At
1133 2141 1180 2176 ut
1208 2148 1263 2175 ex
1294 2133 1499 2188 Appiano
1527 2132 1628 2175 illud
1647 2127 1874 2182 efficiam,

262 2207 317 2246 ad
351 2205 482 2246 verba
512 2204 591 2254 illa,
623 2217 732 2258 quae
769 2210 866 2244 sunt
894 2202 1019 2259 μηδὲν
1046 2201 1103 2243 ἔτι
1132 2200 1448 2257 ἀπροβουλευτον
1476 2199 1521 2248 ἐς
1548 2201 1613 2243 τὸν
1641 2198 1770 2256 δῆμον
1796 2197 1869 2240 ἑο·

262 2273 471 2329 φέρεσθαι.
518 2271 777 2324 cogitatione
820 2271 1141 2324 quodammodo
1187 2269 1366 2310 adicitur
1407 2269 1482 2310 ὑπὸ
1526 2274 1602 2310 τῶν
1630 2266 1868 2324 δημάρχων,

262 2342 379 2394 quod
408 2353 558 2380 vereor
586 2353 640 2380 ne
669 2339 806 2379 minus
827 2344 942 2379 recte
963 2337 1049 2383 fiat,
1068 2337 1234 2378 etiamsi
1248 2338 1454 2378 adversus
1470 2334 1662 2378 tribunos
1679 2334 1869 2376 maxime

262 2409 304 2449 id
334 2414 503 2448 cautum
539 2420 634 2447 esse
665 2407 987 2446 concedendum
1015 2411 1102 2455 est;
1133 2410 1178 2445 et
1205 2405 1278 2445 vix
1307 2410 1473 2445 tantum
1500 2403 1772 2444 tribuendum
1799 2406 1870 2443 eet

262 2475 403 2516 verbis
431 2474 632 2528 Appiani,
664 2487 774 2527 quae
803 2472 945 2526 paullo
974 2471 1080 2513 infra
1107 2471 1304 2525 leguntur
1331 2473 1387 2512 de
1414 2470 1580 2524 legibus
1609 2471 1664 2510 ad
1694 2468 1866 2523 plebem

261 2543 442 2583 serendis
471 2539 631 2595 (οὐδένα
659 2543 778 2596 νόμον
806 2541 881 2595 πρὸ
910 2546 984 2596 τῆς
1014 2539 1167 2596 βουλῆς
1195 2537 1246 2587 ἐς
1267 2540 1319 2580 τὸ
1343 2538 1541 2594 πλῆθος
1570 2536 1870 2595 ἐσφερόμενον),

265 2696 382 2741 βάνετε
415 2695 525 2736 αυτοὶ,
555 2693 861 2741 προβουλευούσης
895 2694 957 2739 μὲν
981 2696 1048 2739 τῆς
1074 2691 1220 2739 βουλῆς,
1249 2690 1306 2726 ἵνα
1330 2691 1383 2738 μὴ
1411 2690 1616 2739 σφαλείητε,
1640 2690 1811 2739 κρίνοντες
1834 2686 1870 2723 δ’

263 2751 362 2786 αὖτοὶ
386 2752 446 2785 καὶ
471 2750 708 2798 ψηφιζόμενοι
731 2750 822 2783 κατὰ
845 2747 958 2796 φυλὰς
981 2747 1009 2796 ἢ
1033 2747 1176 2794 λόχους.

344 2830 347 2831 ’
400 2817 411 2836 ¹
434 2816 494 2851 Cfr
517 2815 934 2856 BECKER-MARQUARDT,
959 2814 1094 2848 Handb.
1118 2814 1151 2848 d.
1177 2817 1266 2848 rom.
1291 2813 1365 2849 Alt.
1388 2812 1430 2855 11,
1457 2822 1485 2857 3,
1509 2822 1542 2857 p.
1569 2813 1730 2856 118—19.
