1982 3288
392 169 454 200 DE
484 168 675 201 TRIBUN.
709 167 812 200 POT.
844 168 876 199 A
906 167 1057 200 SULLA
1090 167 1336 199 IMMINUTA
1623 172 1670 210 19

201 295 391 350 Quarum
437 294 580 348 legum
609 295 745 348 prima
773 300 840 334 ost
869 293 939 334 lex
970 292 1176 334 Plautia
1206 294 1261 334 de
1290 294 1344 342 vi,
1375 307 1503 346 quam
1532 292 1601 335 ille
1630 308 1666 333 a.

65 358 227 416 676l78
256 363 385 404 latam
414 375 511 403 esse
539 367 688 403 censet
715 374 741 403 a
770 359 932 401 Plautio
961 361 1149 412 quodam
1178 361 1347 401 tribuno
1371 356 1553 414 plebis¹.
1602 361 1669 402 De

67 430 148 472 hac
178 429 273 483 lege
301 436 346 471 et
374 443 484 483 quae
513 429 622 471 inter
648 440 745 470 eam
779 433 824 468 et
851 426 977 467 aliam
1006 426 1147 478 legem
1177 427 1214 467 ei
1245 427 1423 468 similem
1456 428 1670 470 Lutatiam

66 497 299 541 intercedat
333 497 452 545 ratio,
497 508 643 538 revera
684 493 811 549 plane
853 492 955 536 nihil
1000 494 1104 535 certi
1141 502 1408 547 compertum
1439 494 1670 545 habemus;

66 577 120 606 eo
162 564 300 617 magis
338 564 446 606 inter
484 576 531 604 se
559 562 723 603 variant
749 562 975 602 doctorum
1004 560 1224 601 hominum
1260 562 1495 602 sententiae
1510 559 1538 602 ².
1575 584 1586 604 ι
1600 563 1670 603 Ac

65 632 120 673 de
157 637 352 686 tempore
395 631 486 673 eius
519 630 563 671 id
599 635 766 671 tantum
799 642 879 683 pro
916 627 1144 682 explorato
1174 628 1320 669 haberi
1350 635 1508 682 potest,
1540 629 1668 670 latam

65 711 161 741 esse
188 705 288 741 ante
316 712 354 741 a.
383 692 558 751 691l63,
589 710 687 739 nam
716 703 807 739 tum
836 696 1018 750 primum
1048 696 1330 748 cognovimus
1353 696 1550 737 iudicium
1576 696 1671 749 lege

65 765 225 808 Plautia
254 779 350 807 esse
378 765 626 814 exercitum,
658 777 788 819 quum
818 762 999 805 Catilina
1027 776 1079 804 ea
1109 763 1204 815 lege
1238 763 1522 816 interrogatus
1550 772 1616 806 est
1646 778 1670 805 a

66 833 115 876 L.
146 827 333 882 Pau110⁸,
364 839 409 874 et
437 838 591 887 postea
619 831 843 887 aliquoties
871 831 963 872 eius
982 830 1143 872 mentio
1168 830 1227 871 fit.
1276 830 1429 884 Neque
1453 831 1548 885 plus
1571 845 1670 884 cog-

62 899 258 942 novimus
287 901 342 942 de
371 899 467 953 lege
497 899 678 946 Lutatia.
707 911 818 953 quae
845 912 872 939 a
902 898 1110 940 Cicerone
1139 898 1308 939 duobus
1332 895 1466 940 locis*
1486 913 1669 941 comme-

63 974 262 1010 moratur.
334 968 403 1009 De
442 974 638 1022 tempore
674 966 824 1008 harum
871 965 1013 1019 legum
1048 965 1116 1007 alii
1146 965 1207 1007 sic
1237 965 1435 1014 iudicant,
1468 966 1670 1008 Plautiam

64 1034 203 1089 legem
250 1035 378 1077 fuisse
426 1035 482 1076 M.
516 1034 662 1076 Plautii
692 1033 850 1075 Silvani
881 1033 975 1075 trib.
1016 1032 1071 1087 pl.
1103 1046 1139 1074 a.
1171 1030 1347 1085 6651'89,
1378 1034 1568 1076 eiusdem
1599 1035 1670 1087 qui

63 1102 204 1156 legem
248 1103 506 1145 iudiciariam
546 1101 640 1144 tulit
669 1108 714 1143 et
742 1100 864 1143 simul
895 1114 991 1143 cum
1022 1099 1071 1142 C.
1104 1100 1270 1155 Papirio
1299 1100 1500 1143 Carbone
1530 1101 1669 1154 legem

63 1169 269 1213 Plautiam
294 1170 502 1226 Papiriam
525 1171 581 1211 de
604 1169 778 1211 civitate
796 1169 925 1211 sociis
943 1169 1098 1217 danda,
1117 1167 1330 1210 Lutatiam
1347 1183 1450 1211 vero
1466 1169 1668 1211 habuisse

63 1236 241 1281 latorem
273 1236 355 1292 Qu.
389 1237 603 1279 Lutatium
634 1235 831 1279 Catulum
861 1235 1083 1279 consulem
1102 1249 1141 1277 a.
1172 1231 1276 1288 676!
1282 1237 1348 1288 78.
1397 1236 1466 1277 Ac
1482 1238 1537 1278 de
1557 1237 1669 1278 Plau-

62 1305 120 1347 tia
149 1305 322 1360 quidem
350 1304 533 1347 dubitari
557 1310 720 1359 potest:
753 1303 948 1347 Lutatiae
977 1305 1032 1347 de
1069 1310 1265 1357 tempore
1301 1310 1416 1345 recte
1444 1317 1541 1345 esse
1571 1305 1669 1345 iudi-

61 1378 203 1415 catum
232 1374 492 1415 documento
522 1379 600 1421 est,
625 1372 742 1427 quod
771 1371 830 1413 ait
859 1371 1012 1413 Cicero
1024 1366 1056 1419 ⁶.
1086 1385 1183 1413 eam
1208 1370 1348 1424 legem
1367 1370 1451 1425 Qu.
1472 1371 1669 1414 Catulum

59 1446 223 1483 armata
250 1440 515 1483 dissensione
545 1440 700 1482 civium
730 1438 986 1494 reipublicae
1016 1452 1154 1493 paene
1176 1439 1382 1481 extremis
1405 1440 1671 1495 temporibus

60 1505 218 1550 tulisse.
278 1506 403 1562 Quae
450 1521 587 1550 rerum
633 1507 865 1561 descriptio
894 1507 935 1548 in
964 1520 1122 1548 annum
1150 1503 1313 1559 676J78
1342 1514 1386 1547 et
1415 1507 1669 1549 seditionem

59 1588 86 1616 a
115 1573 282 1629 Lepido
312 1582 474 1618 motam
504 1575 614 1617 bene
644 1574 845 1616 convenit
873 1574 1063 1628 satisque
1094 1573 1319 1616 verisimile
1348 1575 1515 1616 videtur
1544 1575 1670 1617 Catu-

59 1641 158 1691 lum,
189 1643 260 1697 qui
289 1648 379 1685 tum
409 1642 613 1685 nobilium
648 1642 848 1696 princeps
877 1656 956 1696 pro
987 1655 1116 1683 causa
1150 1649 1324 1684 senatus
1353 1643 1667 1696 propugnabat.

58 1722 112 1752 eo
149 1723 262 1754 anno
299 1709 440 1763 legem
469 1710 677 1753 eiusmodi
706 1709 864 1751 tulisse.
925 1708 1010 1751 Alii
1042 1722 1157 1757 ver0,
1186 1715 1362 1751 auctore
1391 1710 1579 1751 maxime
1609 1710 1668 1751 si-

57 1777 188 1831 gonio
199 1771 232 1827 ⁰,
257 1784 416 1831 negant
447 1777 587 1831 legem
620 1777 833 1820 Lutatiam
864 1776 991 1819 ullam
1022 1776 1150 1818 fuisse
1179 1785 1434 1831 separatam.
1466 1779 1542 1819 sed
1572 1792 1669 1819 esse

58 1842 189 1888 latam
215 1843 355 1899 legem
383 1858 466 1887 una
485 1858 583 1887 cum
613 1844 775 1887 Plautio
805 1845 994 1899 quodam
1023 1844 1194 1886 tribuno
1223 1844 1374 1899 plebis,
1406 1845 1580 1887 homine
1603 1860 1667 1886 ce-

57 1911 253 1967 teroquin
281 1911 407 1968 plane
435 1912 598 1966 ignoto,
628 1925 654 1954 a
685 1910 767 1966 Qu.
802 1912 974 1954 Lutatio
1003 1911 1190 1961 consule,
1221 1913 1334 1953 unde
1370 1913 1527 1955 factum
1557 1927 1667 1961 esse.

58 1984 104 2021 ut
131 1983 224 2021 tum
252 1979 448 2027 Plautius.
478 1986 578 2029 tum
599 1979 776 2021 Catulus
804 1979 914 2023 lator
942 1980 1032 2020 eius
1061 1979 1357 2034 appellaretur.
1407 1979 1550 2034 Quam
1574 1995 1667 2022 sen-

57 2046 233 2088 tentiam
263 2046 463 2100 Langeus
491 2061 663 2101 quoque
692 2047 750 2089 ita
778 2046 1004 2102 amplexus
1028 2054 1106 2095 est,
1129 2055 1174 2088 ut
1193 2047 1354 2088 Plautio
1371 2048 1541 2089 tribuno
1561 2048 1668 2102 legis

57 2113 256 2155 serendae
290 2121 509 2157 auctorem
547 2121 591 2156 et
625 2128 844 2157 suasorem
875 2114 1003 2156 fuisse
1033 2114 1230 2156 Catulum
1260 2110 1516 2157 existimet².
1578 2116 1665 2157 Sed

196 2243 207 2264 ¹
231 2242 372 2284 Lmen,
396 2243 501 2279 Rom.
527 2242 598 2279 Alt.
623 2242 680 2285 111,
704 2253 735 2288 p.
766 2252 837 2288 ¹75-
863 2242 904 2284 ll,
929 2253 961 2288 p.
984 2241 1062 2277 666.

195 2298 210 2322 ⁸
231 2298 462 2345 Disputarunt
485 2299 530 2333 de
553 2298 607 2334 his
630 2297 764 2344 legibus
787 2298 892 2339 Rus,
916 2297 1104 2334 Remi-linc.
1130 2298 1190 2340 Vl,
1214 2310 1245 2344 p.
1272 2299 1359 2343 2674
1384 2300 1665 2346 seqq.;OREL1.1‚

60 2349 167 2391 Ιοάἀ
187 2351 306 2403 legum
331 2355 366 2389 in
390 2355 523 2390 Onom.
541 2354 634 2390 Tull.
651 2354 709 2396 111,
725 2365 756 2400 p.
778 2364 942 2399 333—43,
958 2354 1016 2390 ubi
1032 2355 1213 2400 exscripsit
1225 2355 1500 2402 disputationem
1514 2356 1665 2392 wacch-

60 2410 136 2454 teri,
166 2411 282 2448 Neues
311 2411 442 2447 Archiv
467 2412 528 2446 des
552 2411 853 2452 Criminalrechts,
882 2421 918 2455 ¹3
944 2412 1086 2456 (1833);
1110 2412 1250 2454 zum,
1273 2412 1542 2447 Criminalrecht
1570 2413 1608 2450 ll.
1638 2423 1664 2453 1,

60 2477 91 2512 p.
118 2466 283 2511 266--81;
306 2467 374 2503 alii.

195 2522 210 2544 ⁸
231 2522 333 2559 sall.
355 2523 445 2559 Cat.
474 2533 524 2568 3¹·

194 2580 208 2600 ⁴
231 2578 317 2615 Cic.
341 2578 457 2616 Cael.
485 2590 514 2623 1,
542 2591 553 2615 1
582 2590 617 2616 ct
642 2591 697 2626 29,
723 2591 775 2626 70.

195 2635 208 2656 ⁵
232 2634 314 2671 Cic.
339 2634 451 2671 Cael.
475 2645 531 2683 29,
554 2647 608 2682 7o.

192 2690 206 2711 ⁶
230 2691 369 2737 Sigon.
409 2692 454 2727 de
489 2692 559 2729 iud.
594 2693 652 2729 lib.
685 2693 727 2736 11,
756 2704 785 2728 c.
819 2703 870 2738 33,
900 2693 935 2728 in
958 2693 1100 2728 Graevii
1124 2692 1232 2728 Thes.
1256 2693 1368 2736 (Trai.
1394 2694 1437 2728 ad
1462 2694 1527 2728 Rh.
1554 2694 1662 2739 Lugd.

56 2747 131 2783 Bar.
160 2747 273 2792 1694),
296 2746 403 2783 Tom.
428 2747 470 2791 11,
494 2758 526 2794 p.
554 2758 649 2795 ¹79⁴·

193 2803 205 2823 ⁷
229 2803 361 2838 Eadem
397 2814 516 2839 revera
549 2804 685 2840 videtur
719 2805 826 2841 fuisse
859 2805 992 2852 Sigonii
1024 2806 1207 2847 sententia,
1232 2805 1259 2839 si
1284 2805 1425 2850 quidem
1455 2806 1518 2849 (ib.
1544 2807 1661 2851 paullo

55 2858 160 2904 infra)
183 2859 267 2894 dicit
291 2859 406 2904 legem
432 2871 474 2894 ex
498 2860 706 2895 auctoritate
730 2861 885 2896 consulis
908 2861 1025 2896 Catuli
1050 2861 1169 2897 latam.
