1982 3288
365 198 426 230 1)ss
457 197 650 230 TRIBUN.
683 198 787 230 POT.
820 199 851 228 A
882 199 1032 231 SULLA
1066 200 1313 232 lMMINL'TA
1594 203 1646 242 29

40 330 286 379 spectantes
321 337 471 365 omnes
514 322 758 364 consulares
803 322 954 363 fuerint
990 337 1045 363 an
1082 325 1343 365 tribunorum
1383 339 1554 378 quoque
1584 326 1647 365 ius

40 391 184 446 legum
227 391 492 432 ferendarum
535 395 782 444 usurpatum
818 390 884 436 sit,
930 390 964 429 si
1005 391 1177 442 quidem
1222 391 1448 445 Appianus
1492 393 1648 432 diserte

30 455 170 501 'dicit1
202 458 422 500 tribunicia
452 457 547 510 lege
578 456 758 497 Marium
787 469 883 496 esse
912 457 968 497 de
985 457 1137 497 exsilio
1157 466 1415 507 revocatum,
1446 460 1574 512 idque
1591 460 1649 500 ita

41 526 170 568 fuisse
198 525 423 566 confirmat
451 524 603 567 Cicero
615 519 646 572 ¹,
681 518 778 564 alii⁸
817 536 919 564 vero
954 523 1012 564 ita
1041 524 1096 564 de
1125 538 1176 564 ea
1207 524 1301 576 lege
1337 525 1573 578 loquuntur,
1605 532 1650 566 ut

41 593 98 636 ab
127 593 223 647 ipso
253 591 389 634 Cinna
426 598 620 645 rogatam
649 591 812 632 credas,
873 589 1004 644 Quod
1037 597 1180 631 autem
1212 590 1347 631 Cinna
1377 605 1452 631 sua
1483 600 1648 644 sponte,

40 673 128 703 non
155 661 210 701 de
240 666 412 701 senatus
441 658 650 700 sententia
679 657 797 711 leges
825 671 900 699 &as
927 657 1033 705 tulit,
1063 671 1089 698 a
1119 658 1274 711 quibus
1303 659 1463 699 initium
1494 658 1649 699 sactum

40 734 108 770 est
142 727 361 769 seditionis
399 732 500 780 post
538 726 846 780 profectionem
884 724 1027 767 Sullae
1061 732 1181 766 ortae
1219 725 1403 779 bellique
1427 724 1650 766 Octaviani

42 819 98 827 --
127 807 226 837 nam
255 793 430 835 consilia
453 794 555 842 eius,
587 799 736 835 contra
764 793 967 835 tendente
996 791 1181 834 Octavio
1211 792 1390 844 collega,
1416 806 1501 833 non
1525 792 1653 833 fuisse

43 862 225 917 probata
264 861 411 904 maiori
450 861 559 915 parti
594 866 767 902 senatus
805 860 876 901 vix
913 860 1087 901 dubium
1117 867 1184 901 est
1212 885 1267 890 —
1297 873 1436 913 neque
1471 861 1651 913 primum

43 942 182 984 neque
220 942 349 971 unum
387 929 471 970 hoc
501 928 789 970 testimonium
828 927 1049 975 habemus,
1089 929 1201 968 unde
1230 934 1447 981 appareat,
1490 927 1653 967 Romae

43 996 111 1039 his
139 997 388 1051 praesertim
417 995 668 1038 turbulentis
695 995 962 1049 temporibus
989 994 1103 1036 aliud
1132 995 1260 1036 fuisse
1290 994 1430 1047 legem
1450 1008 1546 1035 esse
1565 1009 1653 1048 per-

43 1063 186 1113 latam,
216 1063 328 1105 aliud
364 1064 405 1105 in
435 1076 557 1105 usum
586 1062 845 1111 translatam,
889 1063 946 1104 ita
976 1070 1021 1103 ut
1050 1076 1102 1103 ea
1131 1076 1179 1103 se
1209 1062 1404 1103 homines
1432 1063 1563 1103 teneri
1595 1076 1653 1102 ar-

44 1130 306 1174 bitrarentur.
367 1131 519 1186 Neque
548 1130 698 1172 mirum
727 1137 806 1179 est,
837 1144 967 1185 quum
991 1129 1107 1171 Sulla
1135 1143 1161 1171 a
1192 1143 1329 1171 rerum
1359 1130 1655 1184 procuratione

44 1212 93 1241 se
120 1199 214 1254 ipse
243 1199 507 1247 removisset,
536 1211 648 1252 quae
676 1197 732 1240 ab
761 1211 816 1240 eo
844 1197 1075 1240 constituta
1109 1204 1272 1245 essent,
1298 1210 1377 1251 pro
1406 1197 1536 1238 nihilo
1561 1211 1656 1238 esse

45 1265 204 1316 habita,
234 1267 314 1309 etsi
343 1279 429 1308 non
458 1266 601 1309 statim
631 1265 750 1319 leges
787 1266 906 1320 ipsae
932 1265 1169 1318 abrogatae
1197 1271 1306 1307 sunt.
1366 1264 1496 1306 Certe
1525 1278 1656 1319 popu·

45 1333 144 1376 laris
174 1334 307 1389 partis
335 1333 531 1376 homines
559 1346 688 1387 quam
718 1334 759 1375 in
789 1333 931 1387 legum
961 1333 1234 1388 praescriptis
1257 1346 1461 1387 moreque
1483 1339 1657 1387 recepto

45 1401 326 1445 observandis
363 1415 450 1443 non
480 1401 632 1443 suerint
663 1400 901 1454 diligentes,
937 1401 971 1442 si
1006 1400 1193 1442 consiliis
1221 1402 1309 1441 suis
1337 1400 1570 1448 obstarent,
1600 1414 1655 1441 ex

31 1467 191 1513 ‚multis
218 1468 345 1511 rebus
373 1468 477 1511 satis
505 1474 703 1523 apparet;
734 1475 916 1516 constat,
946 1475 993 1511 ut
1020 1468 1102 1509 alia
1130 1468 1339 1516 omittam,
1355 1467 1553 1509 consules
1568 1468 1659 1509 sine

49 1535 231 1578 comitiis
274 1535 419 1590 populi
462 1549 560 1577 esse
595 1535 745 1584 factos,
785 1535 920 1577 Cinna
957 1542 1002 1577 et
1040 1535 1239 1577 Carbone
1277 1535 1380 1590 ipsis
1414 1535 1495 1577 sibi
1530 1535 1658 1588 magi-

49 1609 206 1645 stratus
235 1603 589 1646 continuantibus.
650 1603 772 1645 Haec
801 1610 943 1645 autem
967 1603 1100 1644 civilis
1123 1603 1333 1645 dissensio
1351 1611 1513 1645 armata
1532 1603 1659 1657 potis·

49 1670 203 1711 simum
233 1670 308 1714 suit
337 1671 558 1719 dissensio,
588 1677 633 1712 et
661 1671 696 1712 si
726 1671 906 1712 ducibus
933 1684 1045 1724 opus
1073 1678 1164 1712 erat
1193 1670 1449 1719 consulibus,
1479 1671 1551 1724 qui
1581 1670 1657 1711 soli

48 1738 296 1786 exereitum,
343 1739 408 1779 cui
447 1739 715 1792 imperarent,
761 1738 980 1785 haberent,
1021 1751 1072 1779 ea
1108 1738 1296 1779 maxime
1331 1738 1496 1779 videtur
1531 1751 1659 1779 causa

49 1802 188 1850 fuisse,
219 1806 336 1859 quod
358 1805 398 1846 vi
417 1812 462 1847 et
475 1805 604 1847 armis
623 1806 901 1847 obtinendum
925 1812 1029 1854 erat,
1049 1807 1166 1859 quod
1182 1805 1478 1860 appetebatur.
1512 1805 1659 1859 Atque

48 1870 241 1913 tribunos
270 1885 347 1926 per
370 1872 452 1915 hos
481 1873 698 1927 popularis
726 1874 1027 1915 dominationis
1049 1886 1186 1915 annos
1208 1874 1346 1915 minus
1377 1874 1506 1915 etiam
1531 1886 1660 1927 quam

27 1944 188 1987 antea,
224 1952 355 1993 quum
393 1953 528 1994 penes
562 1941 794 1995 optimates
828 1954 994 1982 summa
1025 1941 1082 1982 rei
1112 1947 1240 1989 esset,
1278 1940 1492 1982 actionem
1523 1954 1659 1982 rerum

49 2006 267 2061 suscipere
295 2007 510 2058 videmus;
541 2021 679 2062 neque
710 2010 823 2050 enim
852 2010 970 2062 quod
989 2009 1229 2051 auctoritati
1248 2014 1421 2050 senatus
1437 2009 1660 2062 demptum

0 2109 2 2115 ,
50 2080 128 2133 est,
159 2074 203 2115 id
231 2080 306 2116 aut
335 2074 518 2117 libertati
548 2075 693 2130 populi
723 2083 797 2118 aut
825 2076 1088 2118 tribunorum
1109 2076 1313 2130 potestati
1337 2076 1562 2124 adiectum,
1584 2077 1662 2117 sed

0 2178 2 2180 ,
49 2141 190 2184 omnis
219 2142 411 2195 potentia
440 2143 481 2184 in
511 2143 706 2185 factionis
735 2144 948 2198 principes
978 2143 1118 2191 cessit,
1149 2143 1221 2197 qui
1250 2143 1421 2184 nomine
1445 2143 1662 2196 magistra·

49 2213 171 2252 tuum
200 2222 337 2263 paene
366 2216 643 2263 tyrannorum
674 2212 715 2253 in
745 2212 919 2252 modum
950 2212 991 2252 in
1022 2210 1237 2264 republica
1266 2210 1604 2252 dominabantur.

186 2275 390 2331 Idemque
419 2277 506 2320 sere
535 2279 762 2320 dicendum
792 2286 859 2320 est
887 2280 942 2319 de
971 2278 1102 2320 altera
1121 2291 1293 2332 quoque
1311 2278 1532 2326 seditione,
1551 2291 1661 2330 quae

52 2355 79 2384 a
123 2341 289 2399 Lepido
333 2352 450 2386 mota
486 2353 562 2387 est.
634 2346 745 2387 Nam
781 2348 836 2387 de
871 2346 952 2387 hac
996 2359 1167 2400 quoque
1211 2345 1441 2386 obscurum
1476 2352 1554 2393 est,
1591 2346 1662 2399 qui

54 2411 209 2452 modus
236 2417 327 2453 tum
357 2412 479 2454 suerit
509 2415 791 2466 rogandarum
822 2413 976 2467 legum,
1007 2420 1137 2467 atque
1167 2414 1294 2454 etiam
1325 2412 1425 2455 illud
1443 2413 1660 2460 incertum,

55 2482 194 2519 utrum
223 2491 370 2521 revera
398 2494 548 2522 omnes
567 2488 743 2535 rogatae
757 2482 841 2522 sint
865 2483 919 2522 de
937 2482 1072 2534 iisque
1090 2481 1131 2521 in
1149 2481 1332 2522 comitiis
1349 2487 1491 2521 actum
1509 2494 1661 2530 necne;

56 2550 172 2586 certe
206 2546 263 2587 ad
301 2546 343 2587 id
380 2549 649 2602 probandum
682 2550 751 2590 vix
784 2548 883 2589 illud
914 2548 1039 2597 valet,
1081 2549 1198 2602 quod
1227 2549 1342 2601 apud
1371 2548 1567 2589 Tacitum
1597 2554 1664 2589 est

195 2663 206 2683 ¹
230 2663 331 2710 App.
356 2664 392 2700 B.
417 2664 458 2700 C.
486 2675 516 2707 ι,
540 2675 592 2711 70.

194 2719 207 2741 ²
231 2719 314 2756 Cic.
351 2731 383 2767 p.
413 2722 494 2757 red.
524 2722 565 2758 in
595 2733 684 2758 sen.
722 2733 772 2767 15,
806 2723 862 2767 383
893 2734 924 2768 p.
956 2722 1038 2757 red.
1071 2723 1121 2756 ad
1146 2722 1263 2763 Quir.
1289 2730 1322 2764 4,
1344 2732 1384 2757 xo
1406 2725 1592 2756 tribuniciis
1616 2726 1667 2756 illi

7 2783 11 2785 “
55 2779 288 2820 rogationibus
311 2780 404 2811 nuella
427 2781 621 2813 auctoritate
642 2786 776 2814 senatuis
799 2786 878 2813 sum
900 2782 1049 2813 restituti.

171 2831 207 2854 ‘³
230 2833 313 2868 Dio
337 2833 453 2869 Cass.
478 2833 518 2869 fr.
547 2845 620 2877 100,
644 2836 666 2871 8
690 2835 795 2870 Melb.
820 2835 924 2870 Vell.
953 2845 984 2877 2,
1010 2844 1061 2869 21.
