1982 3288
317 192 367 229 28
944 197 975 239 J.
1011 197 1055 229 M.
1090 191 1277 230 summu

313 322 535 376 plurimum
576 322 762 364 valerent
798 322 992 364 homines
1031 331 1206 377 propter
1235 331 1529 378 paupertatem
1565 326 1619 366 ad
1650 326 1817 379 quidvis
1849 340 1916 368 au·

313 390 497 430 (lendum
529 397 765 444 promptOS,
797 391 867 444 qui
897 390 952 431 ab
983 390 1187 444 Appiano
1217 389 1253 434 οἱ
1283 395 1449 447 πένητας
1477 394 1546 434 καὶ
1577 394 1820 448 &metumtot
1847 407 1917 448 ap-

314 456 532 509 pellantur,
570 458 647 499 sed
689 457 875 499 conciliis
913 457 1051 512 plebis
1089 458 1131 499 id
1172 459 1310 512 ipsum
1341 459 1443 500 vitio
1473 459 1663 502 dabatur.
1727 461 1780 502 lit
1809 474 1919 515 quae

313 525 484 565 tandem
516 523 621 566 haec
652 531 767 566 esset
797 524 1052 579 reipublicae
1082 526 1404 567 constituendae
1434 528 1655 580 prudentia
1673 527 1919 570 &concilia

315 591 503 640 retinere,
543 592 600 633 ita
643 592 815 645 quidem
854 592 890 633 si
928 599 1100 633 senatus
1139 594 1364 634 accederet
1404 595 1646 642 auctoritas,
1686 596 1919 637 centuriata

313 665 454 700 autem
485 659 655 700 comitia
686 672 770 700 non
799 659 937 700 solum
962 660 1019 700 ita
1049 666 1223 707 mutare.
1250 667 1294 701 ut
1318 660 1444 714 plane
1461 661 1919 705 exoletaetvetustate

313 725 368 766 ab
398 739 475 766 usu
506 726 743 767 intermissa
778 733 1087 775 revocarentur,
1118 728 1193 767 sed
1225 727 1352 768 etiam
1381 727 1438 768 ab
1467 730 1719 770 auctoritate
1747 735 1922 771 senatus

315 792 443 833 libera
475 793 719 846 relinquere,
760 806 869 846 quae
899 800 1025 835 antea
1053 794 1086 834 si
1118 808 1202 835 non
1234 795 1332 842 iure,
1363 801 1407 835 at
1438 808 1482 836 re
1512 797 1750 838 necessaria
1778 796 1919 839 existi·

314 866 428 900 mata
458 866 583 900 esset.
643 860 791 913 Itaque
821 874 950 913 quum
981 862 1192 914 posterior
1221 861 1289 902 illa
1321 862 1485 914 rogatio
1509 864 1563 903 ad
1587 863 1765 904 concilia
1782 862 1922 918 plebis

314 926 523 979 pertineat
557 940 733 967 necesse
763 927 829 975 sit,
871 928 986 981 prior
1015 928 1180 980 rogatio
1211 942 1295 969 non
1326 935 1470 982 potest
1498 943 1595 971 esse
1623 931 1922 972 tantummodo

314 994 368 1034 ‹le
397 993 574 1034 tribunis
602 993 740 1047 plebis
770 993 864 1035 lata.
927 993 1056 1048 Quod
1081 995 1114 1036 si
1146 996 1203 1036 ita
1225 1003 1302 1043 est,
1321 996 1401 1037 hac
1422 997 1643 1049 rogatione
1662 1010 1748 1038 non
1763 996 1923 1040 illatam

314 1074 409 1101 esse
439 1062 672 1114 putandum
703 1067 770 1102 est
793 1061 1051 1103 mentionem
1069 1063 1123 1103 de
1142 1062 1237 1115 lege
1254 1063 1483 1105 Hortensia
1498 1064 1759 1117 abroganda,
1778 1077 1923 1119 quam·

315 1141 443 1180 quam
473 1128 530 1169 ita
561 1135 759 1169 revocata
789 1135 855 1169 est
884 1130 1205 1182 quodammodo
1234 1130 1508 1172 conciliorum
1539 1130 1676 1186 plebis
1703 1139 1804 1174 ante
1825 1144 1923 1174 eam

315 1194 453 1247 legem
493 1196 700 1243 condicio,
741 1197 817 1237 sed
848 1196 888 1236 id
919 1202 1082 1237 tantum
1112 1203 1267 1246 actum,
1299 1204 1345 1239 ut
1372 1205 1601 1252 antequam
1630 1200 1686 1240 ad
1717 1198 1923 1254 populum

314 1261 540 1315 plebemve
578 1262 734 1317 aliquid
770 1262 956 1312 serretur,
996 1265 1050 1304 de
1080 1278 1130 1304 ea
1162 1278 1204 1305 re
1234 1271 1406 1306 senatus
1435 1273 1533 1307 ante
1563 1265 1835 1316 consultaret,
1865 1266 1926 1314 ita

315 1336 359 1371 ut
389 1329 593 1383 quidquid
625 1330 811 1378 ferretur,
843 1331 884 1371 id
914 1332 968 1372 de
998 1338 1170 1372 senatus
1199 1333 1409 1373 sententia
1439 1333 1624 1375 serretur.

1091 1532 1142 1573 V.

449 1664 557 1706 Cum
581 1665 643 1714 iis,
674 1679 784 1719 quae
814 1679 942 1719 supra
971 1666 1186 1720 disputata
1215 1675 1324 1714 sunt,
1356 1669 1678 1721 quodammodo
1697 1668 1924 1711 conixum

314 1738 380 1773 est
408 1732 489 1773 alia
518 1733 725 1786 quaestio,
761 1740 931 1774 rectene
960 1734 1120 1775 dictum
1139 1731 1233 1782 sit¹,
1253 1735 1486 1775 seditiones
1502 1749 1529 1775 a
1547 1735 1682 1776 Cinna
1700 1735 1923 1789 Marioque

314 1805 358 1840 et
385 1813 411 1840 a
442 1799 608 1853 Lepido
638 1806 778 1841 motas
807 1814 956 1854 eaque,
995 1814 1104 1854 quae
1134 1809 1223 1843 tum
1255 1802 1295 1842 in
1326 1801 1542 1856 republica
1571 1809 1694 1855 goeta
1722 1803 1818 1851 sint,
1848 1803 1921 1843 do-

315 1873 514 1907 cumento
543 1880 651 1916 esse,
682 1867 822 1920 legem
852 1867 1067 1909 Sullanam
1085 1870 1139 1909 de
1158 1876 1306 1910 senatu
1329 1876 1429 1910 ante
1446 1869 1707 1910 consulendo
1725 1868 1926 1911 consules

314 1947 399 1975 non
428 1934 626 1983 tenuisse,
666 1948 846 1988 eamque
876 1935 1013 1988 ipsam
1043 1936 1100 1976 ob
1131 1950 1303 1976 causam
1333 1950 1477 1977 earum
1507 1937 1762 1977 seditionum
1790 1937 1926 1978 duces

314 2001 523 2050 consules,
554 2015 640 2042 non
668 2002 861 2043 tribunos
889 2002 1036 2052 suisse3
1068 2003 1348 2056 quamobrem
1378 2005 1433 2044 de
1462 2017 1514 2044 ea
1543 2017 1588 2044 re
1617 2002 1816 2045 nonnulla
1836 2002 1925 2046 adi-

314 2064 410 2110 cere
439 2068 620 2110 alienum
650 2083 736 2110 non
765 2070 855 2110 erit.
915 2068 1102 2111 Omnino
1131 2071 1186 2111 de
1216 2070 1282 2111 his
1313 2084 1448 2111 rerum
1479 2071 1667 2112 motibus
1683 2070 1924 2125 &quidem

314 2137 607 2189 cognovimus,
639 2143 685 2178 ut
708 2137 949 2178 universum
980 2151 1116 2178 rerum
1146 2151 1314 2178 cursum
1345 2145 1389 2179 et
1417 2138 1519 2191 quid
1543 2139 1708 2191 utrique
1734 2138 1778 2179 in
1802 2150 1921 2192 repu-

313 2203 424 2244 blica
453 2210 665 2245 certantes
687 2204 768 2245 sibi
797 2205 1109 2258 proposuerint,
1139 2206 1240 2258 quid
1270 2206 1402 2246 secuti
1434 2206 1529 2254 sint,
1560 2206 1663 2246 satis
1678 2205 1923 2259 perspicere

313 2271 539 2324 possimus,
575 2273 654 2312 sed
690 2285 776 2312 non
810 2273 922 2312 adeo
958 2279 1156 2313 accurata
1185 2279 1230 2313 et
1257 2274 1312 2313 ad
1341 2272 1529 2325 singulas
1559 2286 1625 2313 roe
1654 2271 1923 2314 illustrandas

313 2344 415 2391 apta
449 2338 573 2379 nobis
602 2345 700 2380 sunt
728 2339 959 2380 memoriae
987 2340 1168 2393 prodita,
1200 2347 1246 2381 ut
1274 2341 1494 2393 quomodo
1522 2340 1565 2380 in
1593 2352 1847 2393 unaquaque
1875 2353 1924 2381 re

314 2406 583 2459 suscipienda
611 2412 684 2447 aut
712 2408 958 2460 peragenda
986 2408 1041 2447 ad
1071 2408 1333 2461 praescripta
1362 2406 1647 2460 formulasque
1677 2406 1819 2459 legum
1846 2413 1923 2449 aut

313 2473 369 2513 ad
397 2486 561 2513 morem
589 2473 632 2514 in
655 2473 919 2527 publicarum
948 2488 1086 2515 rerum
1115 2475 1367 2515 tractatione
1382 2481 1600 2528 receptum
1616 2474 1807 2515 actiones
1821 2487 1922 2515 suas

313 2541 689 2590 accommodat-int,
730 2547 847 2582 certa
882 2542 1007 2582 nobis
1040 2541 1284 2582 diiudicatio
1322 2542 1387 2582 sit.
1454 2541 1584 2582 Velut
1613 2542 1654 2581 in
1683 2540 1752 2582 illa
1782 2553 1920 2582 rerum

313 2607 631 2660 perturbatione
664 2622 700 2648 a.
731 2603 906 2660 667l87‚
945 2622 1055 2662 quae
1085 2609 1161 2649 suit
1188 2609 1350 2650 initium
1379 2608 1477 2649 belli
1508 2608 1746 2657 Octaviani,
1776 2621 1920 2663 quam-

314 2687 443 2727 quam
473 2673 608 2715 Cinna
636 2676 766 2716 totius
796 2676 855 2715 rei
884 2677 1097 2728 gerendae
1126 2682 1275 2716 auctor
1297 2676 1373 2716 suit
1396 2682 1439 2716 et
1457 2677 1668 2730 princeps,
1687 2676 1760 2717 vix
1775 2682 1920 2717 tamen

314 2755 392 2794 pro
422 2741 647 2795 explorato
676 2742 824 2783 haberi
852 2748 1009 2796 potest,
1048 2749 1187 2783 utrum
1215 2743 1334 2796 leges
1363 2745 1418 2783 ad
1449 2743 1623 2784 consilia
1658 2743 1920 2796 perficienda

455 2826 462 2846 ¹
488 2825 690 2867 MOMMSEN,
713 2826 818 2860 Rom.
844 2825 973 2860 Gesch.
998 2825 1045 2859 11⁸
1069 2836 1099 2870 p.
1129 2836 1186 2870 351
1215 2827 1291 2860 adn.
