1982 3288
389 213 452 244 DE
482 213 674 245 TRIBUN.
707 213 809 245 POT.
843 213 875 244 A
904 212 1056 245 SULLA
1088 212 1336 245 IMMINUTA
1617 214 1667 255 25

65 343 111 380 ut
139 338 237 379 inde
266 338 605 379 concludendum
633 338 689 379 sit
717 339 772 378 de
801 337 977 379 tribunis
1005 339 1302 378 tantummodo
1332 339 1374 379 in
1403 338 1499 391 lege
1526 343 1669 379 actum

64 401 201 446 esse¹.
260 405 407 458 Atque
451 405 624 447 omnino
661 405 716 445 de
751 403 874 445 huius
913 404 1144 456 rogationis
1174 405 1350 445 consilio
1380 406 1440 446 sic
1470 405 1668 453 iudicant,

64 473 107 514 id
135 473 252 527 quod
289 472 373 513 iam
411 485 540 526 supra
576 471 774 519 diximus,
819 483 905 511 non
938 483 1035 512 esse
1064 483 1115 511 ea
1145 471 1476 523 redintegratum
1506 485 1670 512 morem

63 553 120 582 ex
149 538 392 582 melioribus
422 537 677 592 reipublicae
704 536 970 591 temporibus
998 537 1211 586 traditum,
1228 544 1275 579 ut
1291 539 1346 578 de
1365 538 1541 590 legibus,
1560 552 1670 591 quae

62 606 276 655 ferrentur,
307 612 480 648 senatus
507 618 534 647 a
562 604 879 657 magistratibus
901 611 1001 646 ante
1018 603 1318 652 consuleretur,
1337 606 1415 645 sed
1434 606 1669 646 restitutam

61 686 157 715 esse
186 686 282 715 eam
317 672 589 715 conciliorum
619 671 757 725 plebis
786 672 1094 719 condicionem,
1125 684 1236 724 quae
1264 678 1364 713 ante
1394 671 1532 724 legem
1564 672 1670 712 Hor·

61 741 243 783 tensiam
272 740 417 789 suerat,
448 752 578 793 quum
614 740 672 782 ita
699 741 873 782 demum
902 739 1126 792 plebiscita
1154 745 1292 780 totum
1322 738 1528 793 populum
1558 747 1670 780 tene·

15 862 18 865 Δ
62 814 166 858 rent,
189 807 225 850 si
254 820 307 849 ea
333 812 432 848 ante
462 812 636 849 senatus
664 806 934 862 probavisset
946 801 975 847 ².
1038 805 1150 847 Nam
1180 806 1241 847 sic
1270 812 1360 847 tum
1391 806 1433 847 id
1459 806 1522 847 ius
1542 806 1670 847 fuisse

61 874 423 928 circumscriptum
466 874 654 916 maxime
697 873 977 916 verisimiliter
1011 873 1086 914 viri
1120 874 1238 915 docti
1275 874 1559 922 coniecerunt,
1589 874 1669 915 etsi

59 941 318 995 argumentis
353 941 479 996 plane
517 942 644 984 certis
672 954 930 995 omnemque
965 940 1274 983 dubitationem
1303 941 1590 983 eximentibus
1619 954 1670 982 ea

59 1022 127 1051 res
155 1009 437 1051 demonstrari
466 1022 551 1051 non
580 1015 735 1063 potest.

192 1076 282 1118 Iam
318 1090 420 1118 vero
458 1075 727 1120 manifestum
762 1082 831 1117 est
868 1089 967 1117 cum
995 1074 1161 1117 illorum
1190 1076 1246 1117 de
1275 1076 1416 1130 priore
1447 1077 1670 1128 rogatione

58 1143 259 1199 opinione
298 1144 580 1198 posteriorem
619 1143 898 1196 rogationem.
939 1142 1110 1197 qualem
1148 1157 1228 1185 nos
1258 1156 1355 1185 ειη]
1384 1143 1668 1196 intelligimus,

59 1217 256 1259 constare
285 1224 371 1253 non
400 1223 542 1265 posse.
602 1210 862 1265 Repugnant
889 1211 1002 1253 enim
1032 1210 1140 1252 haec
1169 1212 1262 1252 duo
1276 1211 1388 1253 inter
1410 1225 1470 1259 se,
1502 1225 1668 1260 cavere,

59 1283 106 1322 ut
134 1278 403 1332 rogationum
419 1278 733 1321 tribuniciarum
750 1291 884 1332 penes
898 1285 1093 1320 senatum
1108 1278 1326 1321 arbitrium
1342 1279 1409 1326 sit.
1427 1280 1670 1332 eodemque

55 1350 250 1400 tempore
279 1359 444 1395 cavere,
474 1359 528 1388 ne
558 1346 660 1399 quid
689 1346 775 1387 suis
805 1345 994 1388 conciliis
1022 1345 1138 1399 plebi
1166 1346 1350 1388 sciscere
1374 1346 1511 1393 liceat.
1536 1347 1579 1388 id
1602 1353 1670 1388 est

54 1412 168 1459 enim
196 1412 374 1456 tribunis
404 1413 672 1466 rogationum
702 1413 968 1455 ferendarum
998 1419 1259 1467 potestatem
1274 1414 1473 1456 adimere.
1519 1414 1670 1467 ltaque

56 1493 112 1524 ne
148 1479 259 1524 haec
298 1481 471 1535 quidem
511 1481 803 1535 interpretatio
841 1481 891 1523 iis
926 1480 1144 1535 probatur,
1186 1482 1263 1522 sed
1298 1480 1425 1536 plane
1452 1481 1574 1525 aliter
1602 1495 1667 1529 ea.

56 1560 167 1601 quae
200 1548 256 1591 de
289 1547 424 1591 altera
462 1549 684 1602 rogatione
718 1549 832 1603 apud
863 1547 1112 1603 Appianum
1142 1555 1251 1597 sunt,
1282 1549 1506 1603 accipiunt.
1568 1549 1668 1591 Non

55 1620 133 1663 est.
157 1615 361 1670 inquiunt,
387 1617 442 1657 de
465 1615 654 1658 conciliis
669 1615 820 1670 plebis,
836 1617 913 1657 sed
931 1617 987 1658 de
1002 1616 1185 1657 comitiis
1202 1617 1448 1659 centuriatis
1462 1617 1621 1670 scripta
1634 1611 1664 1656 ³.

55 1681 112 1725 Et
146 1695 277 1736 quum
317 1689 487 1725 constet
524 1697 620 1725 eam
658 1684 940 1726 centuriarum
977 1683 1323 1737 descriptionem,
1363 1698 1474 1738 quae
1503 1698 1529 1725 a
1559 1685 1666 1739 prin-

51 1748 164 1804 cipio
193 1748 340 1799 fuerat,
371 1756 419 1792 ut
441 1763 597 1803 magna
617 1764 715 1792 cum
736 1750 823 1792 veri
846 1750 1117 1793 similitudine
1134 1752 1251 1793 docti
1267 1752 1341 1792 viri
1361 1758 1525 1807 putant,
1553 1752 1667 1794 haud

53 1815 187 1863 multo
225 1823 326 1860 ante
354 1817 516 1860 initium
546 1817 644 1860 belli
684 1818 825 1872 punici
854 1818 1029 1860 secundi
1059 1818 1118 1861 ita
1147 1832 1244 1860 oese
1274 1827 1494 1867 mutatam,
1526 1827 1571 1861 ut
1600 1820 1666 1861 tri-

54 1882 187 1927 buum
222 1884 462 1931 distributio
503 1899 601 1929 cum
641 1885 938 1928 distributione
978 1886 1260 1928 centuriarum
1299 1889 1489 1941 quodam
1534 1889 1667 1928 modo

52 1950 377 2005 coniungeremr
405 1952 703 2007 centuriaeque
726 1960 871 2007 partes
899 1953 1083 1995 tribuum
1114 1953 1276 2002 fierent,
1306 1962 1397 1995 tum
1414 1968 1440 1996 a
1459 1954 1575 1995 Sulla
1606 1968 1667 1995 ro-

52 2023 200 2071 gatum
229 2031 326 2061 esse
354 2019 512 2068 dicunt,
551 2026 598 2061 ut
626 2020 695 2062 hic
725 2020 1021 2074 suffragiorum
1051 2021 1093 2063 in
1122 2021 1306 2063 comitiis
1336 2022 1581 2063 centuriatis
1611 2022 1665 2063 se-

52 2085 279 2128 rendorum
313 2088 468 2128 modus
496 2086 739 2130 aboleretur
766 2094 896 2142 atque
925 2088 1243 2143 antiquissimus
1272 2088 1342 2130 ille
1370 2103 1518 2131 eorum
1539 2090 1667 2131 comi-

50 2152 206 2195 tiorum
235 2154 343 2195 ordo
373 2155 673 2204 restitueretur,
705 2155 842 2209 qualis
870 2169 897 2197 a
926 2155 1076 2198 Servio
1106 2155 1247 2199 Tullio
1283 2170 1385 2210 rege
1413 2164 1530 2199 esset
1554 2157 1666 2199 insti·

50 2225 178 2264 uitus
238 2220 389 2263 Talem
420 2235 522 2263 vero
552 2235 606 2264 ne
635 2222 776 2276 legem
807 2223 935 2265 fuisse
964 2224 1303 2278 interpretemur,
1333 2224 1466 2267 multa
1483 2231 1666 2279 apparet

50 2286 235 2338 obstare,
265 2301 406 2342 neque
434 2290 476 2331 id
507 2289 595 2331 fieri
626 2303 757 2344 posse
785 2291 864 2332 nisi
895 2290 1036 2332 verbis
1060 2291 1250 2364 Appiani
1270 2291 1311 2333 vi
1329 2292 1534 2340 subiecta
1554 2306 1666 2346 quae

51 2359 95 2396 et
131 2367 158 2397 a
193 2356 402 2398 sententia
446 2357 666 2411 scriptoris
703 2364 748 2399 et
780 2372 807 2399 a
841 2364 933 2399 tota
971 2357 1052 2400 loci
1093 2336 1256 2400 ratione
1291 2360 1485 2401 videatur
1512 2359 1661 2402 aliena.

51 2420 235 2466 Primum
262 2422 385 2467 deest
415 2423 469 2474 id
500 2426 618 2478 quod
648 2425 787 2480 ipsum
818 2426 875 2467 rei
906 2432 1036 2480 caput
1059 2439 1156 2467 esse
1179 2427 1387 2469 debebat:
1417 2427 1464 2468 in
1484 2428 1666 2469 comitn's

49 2489 304 2533 autumatis.
363 2490 476 2535 Nam
505 2493 540 2533 si
570 2493 783 2536 adiectum
813 2491 985 2535 esset·
971 2507 1011 2536 εν
1052 2500 1101 2549 τῇ
1140 2494 1310 2551 λοχίτιδι
1348 2493 1548 2552 ἐκκλησίᾳ
1591 2497 1665 2542 τὰς

188 2618 200 2640 ¹
223 2618 262 2654 ld
285 2619 380 2665 quod
401 2617 487 2656 facit
508 2619 715 2663 Monusm,
738 2621 844 2658 Rom.
868 2621 1011 2658 Staatsr.
1037 2622 1094 2664 111,
1118 2633 1150 2668 p.
1180 2624 1242 2666 158
1266 2624 1345 2658 adn.
1372 2633 1403 2658 2.

186 2674 201 2695 ¹
223 2674 430 2718 Mommsen,
450 2675 556 2712 Rom.
579 2676 725 2712 Staatsr.
750 2677 808 2720 111,
831 2688 863 2724 p.
892 2679 1033 2724 157—-8,

186 2730 201 2751 ³
224 2730 426 2774 Mox-iussn,
449 2731 643 2769 Zeitschrift
666 2732 720 2769 fur
740 2733 798 2769 die
814 2733 1132 2769 Alterthumswiss.
1153 2735 1250 2777 1846,
1266 2746 1299 2781 p.
1319 2745 1395 2779 105,
1410 2743 1447 2770 et
1464 2736 1534 2770 iam
1555 2736 1661 2771 Rom.

48 2783 175 2821 Tribus
198 2787 324 2831 (1844)
347 2798 380 2833 p.
408 2797 577 2834 112—133
610 2789 716 2826 Rom.
740 2789 885 2825 Staatsr.
908 2789 966 2832 111,
990 2801 1022 2836 p.
1047 2800 1115 2836 ²70
1136 2791 1215 2826 adn.
1245 2801 1279 2834 ¹3
1314 2792 1420 2826 Rom.
1444 2790 1573 2826 Gesch.
1599 2791 1659 2829 11³.

49 2850 81 2888 p.
105 2842 252 2887 258—93
277 2842 418 2885 Laxos,
443 2844 548 2879 Rom.
574 2844 646 2880 Alt.
671 2844 728 2888 111,
751 2856 785 2892 p.
813 2845 886 2880 126.
