1982 3288
393 196 456 228 DE
485 195 677 227 TRIBUN.
711 194 814 227 POT.
846 196 878 226 A
909 195 1062 228 SULLA
1094 196 1339 228 IMMINUTA
1623 200 1668 241 15

61 325 224 374 secisse,
263 324 391 377 idque
428 320 585 363 factum
625 332 722 359 esse
759 320 814 359 de
854 319 1114 371 collegarum
1154 322 1382 372 sententia;
1419 323 1542 364 simul
1571 337 1668 364 cum
1740 315 1742 317 ¹

0 415 6 442 ,ς
61 405 114 433 eo
154 391 196 432 in
233 389 354 433 titulo
392 388 550 441 scripta
585 392 683 428 sunt
714 399 872 427 novem
902 386 1054 426 horum
1084 386 1343 439 collegarum
1374 391 1557 438 nomina,
1589 390 1666 432 Cn.

62 458 256 508 Cornelii,
288 455 370 510 Qu.
404 454 562 503 Marcii,
595 453 643 495 L.
675 452 858 502 Hostilii,
891 452 938 494 C.
970 452 1161 501 Antonii,
1193 453 1240 494 C.
1274 454 1492 504 Fundanii,
1524 458 1571 498 C.
1596 458 1669 498 Po-

59 525 157 580 pilii,
188 523 245 566 M.
278 522 447 572 Valerii,
479 520 526 563 C.
558 520 691 569 Antii,
724 518 806 574 Qu.
840 519 1024 561 Caecilii.
1071 519 1219 573 Atque
1248 534 1303 561 ex
1335 522 1384 562 iis
1413 525 1667 574 nominibus,

60 604 168 647 quae
207 590 276 632 hic
316 590 522 643 leguntur,
552 588 631 630 tria
660 593 758 629 sunt
787 589 939 628 eadem
968 594 1097 641 atque
1126 587 1205 629 tria
1235 588 1315 636 illa,
1341 602 1451 642 quae
1481 590 1522 630 in
1552 605 1667 644 prae-

57 658 286 713 scriptione
315 656 524 713 plebisciti
554 657 608 696 de
638 655 936 696 Termessibus
970 654 1190 696 habemus.
1232 655 1343 696 Hinc
1375 655 1668 698 Mommsenus

57 726 160 769 satis
186 731 312 769 acute
341 723 548 766 conclusit
577 729 622 764 et
650 723 801 765 decem
825 722 931 771 illos,
957 722 1028 775 qui
1048 722 1091 764 in
1110 722 1195 764 hoc
1215 723 1337 764 titulo
1357 732 1667 773 enumerantur,

58 793 187 838 fuisse
223 791 415 835 tribunos
456 790 606 845 plebis,
645 804 701 831 ex
738 789 892 844 quibus
922 803 1050 831 unum
1080 789 1281 831 habuisse
1311 804 1456 832 curam
1492 792 1666 841 viarum,

57 866 101 904 et
127 858 320 903 tribunos
341 858 492 913 plebis,
523 859 578 900 de
607 870 788 912 quorum
811 858 1021 899 sententia
1050 857 1149 899 illud
1180 871 1290 911 opus
1320 858 1555 912 perfectum
1587 868 1666 908 est,

56 927 233 970 eosdem
272 925 399 968 fuisse
439 932 569 979 atque
610 938 699 975 eos,
742 925 814 978 qui
850 926 906 966 de
935 924 1234 967 Termessibus
1270 926 1535 978 rogationem
1566 927 1666 969 tule-

56 998 166 1045 runt;
198 993 477 1048 quamobrem
507 1007 563 1036 ex
593 992 677 1035 hoc
706 991 829 1034 titulo
859 991 1122 1046 supplendos
1151 1006 1247 1034 esse
1277 994 1441 1035 censuit
1460 995 1665 1043 tribunos,

55 1074 233 1115 quorum
261 1060 304 1103 in
333 1060 559 1115 plebiscito
594 1059 886 1102 Termessensi
917 1060 1088 1101 nomina
1117 1061 1272 1102 desunt
1287 1057 1315 1101 ¹.
1369 1061 1521 1116 Neque
1550 1063 1666 1103 dubi-

53 1129 229 1174 tandum
265 1128 440 1178 videtur,
481 1127 581 1183 quin
610 1127 695 1169 hoc
726 1134 840 1169 recte
869 1127 1117 1168 conclusum
1146 1128 1211 1170 sit.
1274 1127 1403 1183 Quod
1434 1130 1468 1170 si
1498 1130 1555 1172 ita
1585 1139 1664 1178 est,

53 1195 89 1239 si
115 1195 172 1239 ab
202 1195 268 1239 his
304 1195 481 1237 tribunis
509 1194 660 1250 plebis,
698 1194 764 1236 vel
793 1194 1003 1236 nonnullis
1034 1194 1098 1236 vel
1129 1195 1339 1245 omnibus,
1370 1196 1440 1238 lex
1472 1197 1555 1239 lata
1585 1205 1664 1246 est,

53 1275 139 1308 non
177 1269 358 1318 possunt
393 1262 521 1305 fuisse
549 1262 705 1304 tribuni
733 1275 769 1304 a.
806 1259 985 1316 6831‘71:
1018 1274 1116 1304 nam
1146 1263 1254 1305 inter
1282 1278 1359 1304 eos
1394 1278 1478 1306 non
1508 1272 1575 1307 est
1606 1265 1663 1307 M.

53 1328 283 1380 Palicanus,
313 1343 442 1385 quem
470 1335 615 1373 tamen
643 1330 770 1372 certis
799 1330 1053 1375 testimoniis
1074 1330 1370 1374 confirmatum
1392 1339 1459 1374 est
1478 1346 1532 1374 eo
1552 1347 1665 1374 anno

53 1397 268 1447 tribunum
297 1396 435 1453 plebis
475 1398 602 1440 enixe
630 1398 802 1439 dedisse
831 1411 1020 1452 operam,
1047 1406 1092 1440 ut
1122 1398 1343 1440 tribunicia
1380 1408 1575 1454 potestas
1606 1415 1663 1443 re·

52 1465 305 1516 stitueretur,
335 1466 603 1520 eundemque
633 1465 881 1520 Pompeium
910 1467 966 1507 ad
995 1479 1082 1507 rem
1111 1467 1426 1521 suscipiendam
1447 1468 1664 1523 impulisse

53 1538 98 1575 et
130 1531 169 1576 ei
205 1532 447 1576 contionem
477 1533 660 1582 dedisse,
697 1539 743 1575 ut
780 1534 822 1575 in
859 1533 940 1575 hac
971 1548 1015 1575 re
1053 1534 1215 1588 populo
1252 1548 1300 1575 se
1329 1535 1662 1587 gratificaturum

1 1603 6 1610 ’
52 1600 305 1642 ostendendi
334 1600 373 1641 ei
402 1599 522 1643 locus
550 1596 710 1643 esset2.

183 1667 273 1709 Iam
314 1680 416 1709 vero
454 1667 635 1711 Palicani
677 1667 914 1711 tribunatus
950 1681 1087 1709 annus
1125 1669 1197 1710 vix
1235 1668 1342 1710 alius
1377 1684 1474 1711 ωδε
1503 1681 1661 1727 potest,

0 1725 9 1746 ³
49 1746 177 1788 quam
205 1730 414 1788 6831¹'71³,
445 1735 487 1777 id
517 1736 634 1790 quod
662 1749 773 1777 nunc
803 1734 992 1790 plerique
1021 1736 1278 1779 existimant.
1340 1738 1522 1781 Constat
1549 1742 1662 1783 enim

51 1814 148 1845 eum
177 1807 221 1844 et
249 1808 445 1862 extremo
474 1816 586 1845 anno
615 1798 777 1856 682J'72
807 1809 851 1845 et
870 1810 1066 1845 extremo
1086 1817 1200 1846 anno
1218 1804 1300 1857 683
1328 1816 1375 1858 71
1403 1807 1661 1851 tribunatum

50 1868 247 1922 gessisse,
285 1871 400 1924 quod
438 1870 496 1912 ita
525 1872 697 1912 demum
726 1870 816 1912 fieri
846 1877 1002 1925 potest,
1034 1871 1068 1912 si
1098 1885 1195 1913 eum
1226 1886 1262 1912 a.
1296 1874 1335 1914 d.
1369 1874 1429 1915 lV
1459 1875 1514 1916 id.
1554 1876 1659 1918 Dec.

51 1935 201 1989 prioris
237 1937 335 1979 anni
369 1938 663 1991 magistratum
699 1938 828 1980 inisse
864 1945 909 1980 et
945 1953 981 1980 a.
1021 1940 1061 1980 d.
1104 1939 1145 1980 V
1186 1940 1240 1981 id.
1274 1940 1379 1983 Dec.
1412 1944 1661 1996 posterioris

50 2003 300 2057 deposuisse
338 2005 572 2048 statuimus.
632 2005 862 2048 Decembri
893 2019 1040 2048 mense
1069 2020 1106 2047 a.
1137 2007 1220 2049 682
1246 2018 1299 2060 72
1331 2008 1484 2051 Cicero
1511 2019 1662 2053 auctor

49 2066 143 2112 est⁴
186 2084 283 2111 eum
324 2071 537 2114 tribunum
564 2072 702 2127 plebis
740 2073 783 2115 in
821 2074 1020 2115 contione
1066 2082 1264 2128 questum
1302 2089 1399 2118 esse
1428 2079 1483 2119 de
1513 2079 1660 2121 iniuria

47 2135 226 2181 Sthenio
266 2137 543 2182 Thermitano
584 2139 727 2183 Siculo
756 2139 882 2190 illata,
914 2142 983 2196 qui
1014 2155 1142 2183 causa
1179 2143 1335 2185 indicta
1374 2158 1400 2186 a
1437 2145 1571 2188 Verre
1601 2147 1658 2189 rei

2 2204 240 2261 “capitalis
279 2207 505 2248 damnatus
543 2214 669 2250 esset.
741 2207 930 2261 Cogitari
960 2210 1131 2263 quidem
1162 2218 1319 2264 potest,
1349 2226 1446 2254 eam
1477 2213 1657 2256 Palicani

49 2272 290 2323 emtionem
335 2281 435 2316 ante
477 2274 648 2318 solitum
693 2275 930 2319 tribunatus
971 2278 1213 2332 deponendi
1250 2279 1506 2334 ineundique
1542 2283 1657 2324 diem

131 2370 134 2375 ⁶
186 2373 196 2401 ¹
219 2377 387 2416 Ceterum
418 2391 508 2427 quae
544 2381 665 2416 docuit
699 2382 743 2417 de
768 2393 851 2419 cura
874 2383 1027 2429 quadam
1051 2384 1188 2419 viarum
1213 2395 1256 2420 ex
1281 2385 1359 2432 lege
1382 2386 1529 2422 Visellia
1553 2388 1659 2424 tribu-

47 2433 101 2468 nis
124 2433 236 2480 plebis
255 2434 478 2479 demandata,
503 2438 782 2475 praetermittere
806 2450 1007 2485 possumuS,
1031 2441 1158 2487 quippe
1182 2452 1271 2488 quae
1295 2443 1339 2477 ad
1360 2454 1448 2486 rem,
1464 2456 1569 2490 quam
1588 2457 1657 2482 nos

47 2497 250 2532 tractamuS,
272 2491 360 2529 nihil
381 2492 534 2529 habeant
558 2495 742 2531 momenti.

183 2547 196 2568 ²
219 2547 303 2584 Cic.
329 2548 503 2593 Vena-1,
531 2561 581 2596 ις,
603 2562 658 2596 45.
706 2552 1006 2589 Pseudo-Asc.
1032 2565 1064 2600 p.
1095 2564 1167 2599 103,
1196 2557 1259 2598 148
1283 2556 1346 2592 Or.

184 2603 197 2624 ³
219 2602 281 2639 Csr
305 2604 511 2651 Dittmann,
533 2608 556 2644 l.
579 2619 610 2644 c.
636 2609 697 2652 IV,
721 2620 754 2656 p.
782 2611 844 2656 387
868 2611 947 2646 adn.
973 2611 1026 2656 78-
1074 2612 1198 2659 Neque
1228 2613 1373 2648 dubium
1398 2614 1546 2655 videtur,
1571 2618 1653 2662 quin

46 2667 66 2693 a
90 2668 175 2693 vero
199 2660 435 2698 aberraverint
456 2670 493 2699 et
515 2663 551 2709 ii,
573 2665 644 2711 qui,
669 2674 707 2702 ut
730 2667 879 2703 Rumuo
901 2668 946 2703 de
969 2668 1046 2703 trib.
1071 2677 1143 2714 pot.
1168 2679 1200 2714 ρ.
1231 2669 1280 2711 ι6,
1303 2670 1478 2706 WILLEMS
1495 2673 1515 2707 Ι.
1534 2685 1562 2708 c.
1580 2675 1604 2715 1,
1622 2685 1651 2720 p.

20 2767 21 2770 Ἰ
44 2722 122 2759 457,
144 2714 177 2749 ei
200 2726 332 2752 annum
355 2716 490 2764 682l72,
510 2727 550 2756 et
570 2721 595 2757 ii
619 2722 690 2768 qui,
713 2730 752 2758 ut
774 2723 834 2759 alii
857 2724 901 2759 ab
925 2724 1054 2759 eodem
1079 2725 1266 2760 Rubinone
1289 2731 1574 2767 commemorati,
1592 2742 1652 2764 an-

43 2779 128 2805 num
151 2770 276 2814 6841‘70
297 2772 539 2811 attribuerunt.

20 2822 21 2828 ¹
176 2827 191 2847 ⁴
215 2826 297 2862 Cic.
323 2828 438 2864 Verr.
464 2829 494 2864 11
518 2840 550 2874 2,
571 2841 628 2875 41,
655 2842 729 2871 too.
