1924 3242
234 889 366 973 Satis
396 932 661 981 compertum
692 931 758 966 est
789 924 835 966 L.
863 924 1036 973 Sullam,
1063 938 1193 978 quum
1217 925 1400 966 dictator
1423 926 1543 966 annis
1564 926 1618 978 67
1625 937 1704 978 3—

95 991 313 1048 4f81—80
342 993 597 1049 reipublicae
628 993 848 1034 Romanae
878 992 1057 1033 sormam
1087 999 1382 1041 commutaret,
1410 994 1495 1034 duo
1517 993 1705 1048 inprimis

95 1068 287 1105 secutum
323 1075 431 1112 esse,
471 1068 517 1103 ut
553 1060 815 1103 tribunorum
854 1059 991 1114 plebis
1021 1066 1215 1114 potestas
1245 1060 1559 1102 imminueretur
1587 1068 1631 1102 et
1662 1068 1706 1102 ut

97 1137 268 1173 senatus
303 1125 527 1182 augeretur
556 1128 876 1182 firmareturque
906 1127 1097 1182 potentia
1127 1134 1170 1168 et
1199 1128 1442 1169 auctoritas.
1502 1128 1704 1170 Tribuna-

96 1204 165 1240 tus
194 1198 305 1239 enim
336 1210 389 1239 eo
418 1202 612 1251 tempore
642 1208 852 1237 summam
882 1195 923 1236 in
954 1194 1166 1237 licentiam
1187 1202 1378 1237 creverat
1395 1196 1591 1250 adeoque
1611 1197 1705 1238 civi-

96 1265 173 1308 tati
210 1264 472 1320 perniciosus
510 1270 716 1312 evaserat,
756 1269 802 1304 ut
836 1262 951 1304 omni
989 1262 1134 1317 quieto
1179 1262 1435 1316 reipublicae
1472 1264 1598 1305 statui
1638 1264 1706 1304 ini-

97 1333 231 1374 micus
261 1331 356 1373 esse
386 1331 607 1373 videretur.
669 1330 735 1372 Eo
765 1344 831 1372 res
861 1337 1125 1384 pervenerat.
1151 1338 1196 1372 ut
1220 1338 1392 1372 senatus
1412 1330 1707 1386 principatum,

97 1413 225 1455 quem
254 1399 426 1454 optimis
454 1397 719 1454 temporibus
749 1398 790 1439 in
820 1397 1035 1452 republica
1065 1397 1284 1446 habuerat,
1310 1398 1488 1440 retinere
1508 1412 1593 1440 non
1614 1413 1709 1454 pos-

99 1472 166 1510 set
198 1480 348 1522 neque,
388 1473 434 1508 ut
469 1472 606 1515 antea,
645 1466 882 1520 providere,
921 1473 966 1507 ut
1001 1479 1084 1506 uno
1121 1473 1164 1507 et
1194 1466 1404 1507 constanti
1435 1466 1612 1507 consilio
1643 1480 1710 1507 res

101 1535 282 1577 civitatis
320 1533 720 1575 administrarentur.
780 1533 955 1574 Tribuni
987 1540 1135 1575 contra
1165 1533 1367 1575 audacius
1397 1547 1568 1589 semper
1596 1541 1639 1575 et
1670 1534 1709 1574 li-

100 1602 263 1644 centius
302 1614 439 1647 rerum
480 1601 668 1655 regimen
697 1601 752 1642 ad
787 1614 834 1641 se
863 1600 1102 1648 trahebant,
1134 1601 1404 1642 contionibus
1434 1601 1711 1643 multitudinis

99 1669 276 1718 animos
307 1682 481 1724 quoquo
511 1668 725 1718 volebant,
757 1667 1024 1723 impellentes
1053 1676 1097 1709 et
1126 1668 1167 1709 in
1197 1668 1386 1710 conciliis
1406 1668 1544 1722 plebis
1568 1669 1710 1710 omnia

99 1725 163 1779 ad'
191 1750 313 1778 suum
353 1736 570 1778 arbitrium
617 1737 907 1777 decernentes.
969 1735 1122 1790 Neque
1163 1735 1285 1777 facile
1330 1737 1414 1777 vim
1444 1736 1710 1778 tribuniciam

100 1803 293 1847 sustineri
333 1817 476 1859 posse,
513 1804 606 1858 ipse
636 1803 751 1845 Sulla
780 1804 822 1845 in
852 1804 990 1858 primo
1020 1802 1241 1845 consulatu
1273 1803 1467 1858 (666s88)
1506 1812 1711 1859 expertus

100 1876 202 1922 etat,
253 1883 383 1925 quum
435 1871 645 1926 Sulpicius
684 1871 876 1913 tribunus
914 1871 1135 1924 rogatione
1176 1870 1260 1912 lata
1291 1872 1329 1912 ei
1360 1872 1582 1926 imperium
1612 1871 1711 1913 belli

101 1939 306 1980 adversus
346 1938 620 1980 Mithridaten
666 1938 853 1993 suscepti
894 1939 1148 1991 abrogasset
1192 1939 1358 1993 ipsique
1406 1939 1491 1981 vim
1530 1940 1713 1981 minatus

101 2011 227 2047 esset.
287 2005 543 2060 Apparebat
570 2006 696 2059 igitur
724 2006 766 2047 id
796 2011 895 2047 ante
923 2006 1065 2047 omnia
1095 2006 1133 2047 ei
1164 2020 1290 2047 curae
1319 2006 1417 2047 sore·
1432 2007 1473 2048 in
1499 2006 1713 2062 republica

103 2073 411 2122 constituenda,
443 2079 488 2115 ut
517 2074 699 2115 nocendi
729 2074 793 2115 vis
822 2074 860 2115 ei
891 2074 1154 2126 magistratui
1183 2074 1449 2116 adimeretur.

236 2139 323 2182 Sed
361 2146 407 2182 ut
444 2141 528 2182 hoc
566 2143 652 2183 hon
690 2141 865 2183 dubium
895 2147 972 2189 est,
1003 2141 1061 2182 ita
1091 2141 1126 2183 si
1155 2143 1211 2183 ad
1241 2141 1429 2195 singulas
1460 2156 1526 2183 res
1555 2142 1711 2183 exami-

103 2209 266 2250 nandas
296 2209 491 2262 quaestio
520 2209 763 2258 traducitur,
794 2209 895 2250 illud
925 2209 1131 2250 incertum
1160 2215 1290 2263 atque
1320 2210 1361 2250 in
1391 2223 1547 2262 magna
1567 2211 1713 2250 docto-

106 2288 197 2317 rum
236 2274 457 2317 hominum
501 2277 775 2318 contentione
812 2282 879 2317 est
916 2277 1117 2330 positum,
1159 2277 1260 2331 quid
1296 2284 1586 2331 quantumque
1616 2278 1715 2318 iuris

107 2343 161 2384 de
197 2348 413 2397 potestate
450 2344 713 2386 tribunorum
751 2344 993 2386 detraxerit.
1066 2343 1177 2385 Nam
1208 2345 1437 2399 scriptores
1466 2345 1639 2399 antiqui,
1671 2351 1716 2385 ut

107 2415 205 2450 sunt
242 2410 296 2452 de
331 2410 458 2452 rebus
494 2418 737 2466 temporum
767 2411 1034 2454 Sullanorum
1064 2425 1200 2465 pauca
1230 2418 1274 2453 et
1303 2426 1454 2453 manca
1484 2413 1715 2453 memoriae

107 2476 288 2530 prodita,
326 2477 575 2534 plerumque
611 2480 804 2521 universe
842 2486 886 2520 et
914 2478 1075 2520 infinite
1104 2481 1159 2520 de
1188 2479 1269 2520 hac
1300 2493 1344 2520 re
1374 2476 1642 2534 loquuntur¹,
1674 2486 1718 2520 et

247 2595 257 2615 ¹
281 2594 387 2629 Velut
419 2594 505 2631 Cic.
538 2595 616 2642 leg.
650 2606 680 2640 3,
709 2606 742 2641 9,
767 2605 809 2630 22
845 2597 980 2629 Sullam
1006 2598 1127 2638 proba
1157 2599 1218 2639 qm'
1246 2599 1390 2630 tribunis
1417 2599 1522 2640 plebis
1546 2609 1616 2646 'sua
1648 2600 1716 2639 lege

108 2653 251 2684 iniuriae
269 2653 449 2692 faciendae
467 2657 659 2694 potestatem
682 2654 851 2691 ademerit,
876 2655 1000 2685 auxilii
1013 2654 1153 2694 serendi
1171 2655 1347 2695 reliquerit.
1379 2652 1469 2687 Vell.
1494 2662 1524 2694 2,
1547 2662 1589 2696 30
1619 2654 1715 2686 Sulla

107 2709 301 2740 tribuniciae
331 2709 502 2750 potestatis
536 2709 718 2753 imaginem
752 2711 823 2742 sine
857 2722 892 2742 re
919 2710 1106 2751 reliquerat.
1164 2709 1254 2755 App.
1286 2709 1322 2743 B.
1351 2708 1391 2744 C.
1422 2719 1449 2751 1,
1477 2718 1541 2743 100
1564 2711 1628 2758 τὴν
1652 2716 1718 2744 τῶν

109 2762 304 2812 δημάρχων
334 2764 451 2812 ἀρχὴν
473 2764 534 2800 ἴσα
562 2766 623 2800 καὶ
653 2765 786 2802 ὰνεῐλεν
820 2766 1083 2814 ἀσθενεστάτην
1119 2767 1318 2815 ἀποφήνας.
1366 2765 1466 2799 Alios
1502 2764 1603 2799 locos
1638 2765 1718 2798 vide

107 2818 199 2864 apud
222 2818 424 2860 Mommsnx,
470 2820 572 2854 Rom.
598 2818 823 2862 Staatsrecht,
847 2820 876 2854 11
892 2820 916 2861 ⁸,
940 2830 972 2865 p.
1001 2830 1063 2865 307
1088 2821 1166 2855 adn.
1195 2831 1221 2855 1.
