1982 3288
352 163 399 203 16
982 168 1012 209 J.
1046 169 1093 201 M.
1127 160 1316 200 summm·

346 295 534 336 habitam
573 307 680 342 esse.
721 295 796 335 sed
826 294 1066 335 credibilius
1095 300 1160 335 est
1191 302 1233 335 et
1263 294 1395 335 ordini
1429 308 1577 342 rerum,
1610 294 1744 347 qualis
1777 310 1803 337 a
1832 297 1948 338 Cice—

347 376 447 403 rone
483 362 721 416 exponitur,
753 360 889 414 magis
918 362 1176 403 conveniens
1205 375 1300 402 esse
1332 369 1430 415 post
1462 362 1571 404 liunc
1603 362 1715 403 diem
1747 362 1947 412 habitam.

347 443 475 482 quum
510 429 700 471 kalendis
726 428 1037 470 Decembribus
1056 429 1256 471 Sthenius
1282 430 1434 469 iudicio
1459 436 1573 471 esset
1597 427 1948 471 condemnatus&

347 497 508 538 Rursus
550 509 662 538 anno
708 492 862 549 683l71
908 503 1104 537 extremo
1135 496 1346 537 tribunum
1383 496 1519 550 plebis
1549 509 1645 537 eum
1682 496 1808 538 fuisse
1838 497 1949 538 testi-

346 564 489 605 monio
524 570 591 605 est
632 562 1028 604 Pseudo-Asconius
1064 562 1104 613 (l.
1137 565 1205 615 c.),
1243 564 1313 616 qui
1344 563 1446 605 dicit
1483 577 1578 604 eum
1609 563 1851 605 contionem
1880 564 1951 605 ad·

346 645 538 679 vocasse,
580 631 648 672 ubi
681 631 907 683 Pompeius
941 629 1088 670 consul
1119 630 1366 681 designatus
1395 644 1443 672 se
1472 630 1737 672 tribuniciam
1767 636 1950 685 potesta-

346 706 433 740 tem
470 698 756 739 restituturum
795 696 992 738 ostendit.
1066 696 1255 737 Necesse
1285 702 1350 738 est
1379 697 1503 750 igitur
1533 698 1642 740 hanc
1672 698 1951 752 posteriorem

346 765 602 814 contionem,
635 764 751 805 cuius
782 763 1032 804 Ciceronem
1063 777 1234 817 quoque
1263 770 1480 806 auctorem
1511 765 1731 814 habemus,
1762 764 1952 806 habitam

345 847 440 873 esse
488 832 625 885 primo
669 844 816 872 mense
866 830 1093 872 Decembri
1139 838 1238 872 ante
1285 830 1520 873 tribunatus
1554 833 1796 886 deponendi
1825 832 1950 873 diem.

349 900 494 952 Atque
533 898 706 940 omnino
746 898 949 952 quidquid
990 897 1207 939 Palicanus
1244 912 1402 952 operae
1432 898 1744 952 industriaeque
1772 898 1815 941 in
1842 898 1954 941 hanc

347 979 519 1007 causam
556 965 733 1007 contulit
771 965 839 1006 vel
876 965 1184 1007 multitudinem
1219 965 1461 1018 instigando
1492 965 1557 1007 vel
1588 971 1783 1007 senatum
1811 967 1954 1020 exagi-

348 1034 478 1075 tando
524 1033 589 1074 vel
638 1033 842 1087 Pompeio
887 1046 974 1074 rem
1005 1033 1360 1081 commendando,
1392 1033 1432 1073 id
1462 1046 1591 1074 omne
1620 1032 1704 1074 hoc
1732 1045 1846 1075 anno
1875 1031 1956 1075 fac-

348 1107 436 1142 tum
482 1114 579 1142 esse
614 1100 943 1142 existimandum
983 1107 1059 1141 est.
1133 1099 1243 1141 Nam
1275 1106 1450 1154 postero
1479 1113 1605 1149 ann0,
1635 1112 1689 1142 ne
1723 1099 1820 1154 quis
1846 1098 1957 1142 forte

348 1176 437 1209 tum
483 1168 741 1210 tribunatum
786 1168 876 1209 eius
923 1175 1091 1220 gestum
1138 1166 1251 1214 velit,
1283 1166 1394 1208 nulla
1423 1181 1533 1221 opus
1562 1173 1654 1209 erat
1682 1165 1959 1210 multitudinis

349 1236 654 1287 concitatione;
687 1249 816 1289 quum
849 1235 1074 1289 Pompeius
1103 1234 1234 1276 semel
1265 1247 1437 1276 causam
1467 1234 1729 1276 tribunorum
1752 1234 1959 1289 soecepis-

349 1310 428 1351 set,
460 1302 616 1344 nullam
649 1316 745 1344 esse
775 1316 909 1357 penes
938 1309 1132 1343 senatum
1168 1303 1223 1343 ad
1254 1302 1534 1343 resistendum
1566 1301 1650 1343 vim
1681 1301 1803 1343 facile
1829 1312 1959 1356 appa·

350 1371 481 1412 rebat.
553 1371 775 1412 Praeterea
806 1370 903 1410 huic
931 1370 1137 1424 temporis
1166 1369 1399 1411 definitioni
1430 1368 1550 1411 facile
1579 1367 1791 1411 conciliari
1812 1372 1961 1424 potent

350 1438 392 1479 id
424 1439 540 1492 quod
564 1444 706 1479 narrat
726 1436 922 1479 Valerius
948 1437 1162 1478 Maximus
1186 1438 1243 1489 (3,
1261 1438 1298 1485 8,
1318 1438 1373 1489 3),
1399 1435 1447 1477 C.
1466 1435 1739 1490 Calpurnium
1763 1434 1960 1477 Pisonem

350 1505 570 1547 consulem
615 1519 651 1546 a.
683 1500 844 1558 687J67
891 1504 1099 1553 Palicano,
1145 1510 1235 1545 tum
1273 1502 1539 1545 consulatum
1583 1503 1758 1557 petenti,
1787 1512 1961 1545 omnem

350 1574 441 1614 eius
488 1573 762 1626 magistratus
805 1572 1069 1626 adipiscendi
1116 1584 1238 1625 spem
1283 1570 1541 1625 praecidisse
1585 1570 1784 1623 negando
1825 1581 1887 1620 se,
1919 1567 1961 1613 «Οἱ

350 1641 561 1694 suffragiis
590 1640 734 1695 populi
767 1646 933 1681 creatus
963 1646 1089 1688 esset,
1121 1652 1218 1680 eum
1249 1638 1590 1680 renuntiaturum.
1650 1637 1763 1679 Nam
1791 1639 1840 1679 ut·
1864 1634 1962 1690 lege

350 1710 390 1750 ei
428 1709 574 1750 liceret
617 1722 653 1749 a.
693 1704 856 1755 688f66
903 1706 1121 1748 consulem
1159 1705 1260 1755 fieri,
1300 1705 1488 1747 debebat
1524 1700 1688 1758 685l69
1720 1710 1961 1759 praeturam

352 1777 551 1830 gessisse,
589 1777 706 1830 quod
742 1781 832 1817 tum
863 1788 1035 1829 quoque
1066 1773 1154 1815 fieri
1185 1774 1336 1827 potuit,
1367 1773 1402 1814 si
1432 1772 1623 1814 tribunus
1651 1771 1790 1826 plebis
1817 1771 1895 1813 fuit
1922 1783 1960 1812 a.

351 1839 532 1897 683s'71.

489 1910 590 1965 Quo
634 1917 777 1952 autem
821 1923 933 1950 anno
973 1908 1017 1949 hi
1059 1908 1165 1961 legis
1203 1908 1372 1957 latores,
1403 1908 1458 1947 de
1486 1907 1640 1960 quibus
1669 1906 1868 1955 diximus,
1897 1904 1965 1946 tri-

354 1980 454 2020 buni
495 1979 658 2028 fuerint,
689 1991 775 2019 non
805 1978 944 2018 audeo
974 1989 1052 2030 pro
1083 1982 1202 2017 certo
1232 1988 1403 2029 ponere.
1463 1973 1761 2022 Tribunorum,
1790 1971 1864 2027 qui
1890 1983 1961 2014 aa·

352 2048 416 2088 nis
462 2041 637 2099 684s'70,
683 2040 857 2097 685l69,
903 2038 1064 2091 686l68
1106 2043 1283 2092 fuerunt,
1314 2041 1438 2090 nulla,
1470 2042 1587 2095 quod
1615 2041 1761 2090 sciam,
1790 2038 1963 2081 nomina

352 2115 562 2155 habemus
609 2128 664 2154 ex
712 2113 804 2154 aliis
838 2111 1082 2153 auctoribus
1117 2110 1306 2164 cognita;
1337 2109 1416 2150 nisi
1445 2109 1562 2162 quod
1592 2107 1744 2149 Cicero
1772 2107 1816 2148 in
1843 2105 1962 2147 Pom-

353 2183 505 2236 peiana
518 2177 548 2230 ²,
580 2188 626 2222 ut
655 2179 866 2234 exemplis
895 2180 1051 2220 doceat
1080 2191 1167 2227 eos,
1200 2178 1270 2231 qui
1300 2176 1454 2218 tribuni
1484 2175 1622 2230 plebis
1640 2174 1827 2223 fuissent,
1851 2186 1964 2215 anno

353 2250 553 2303 proximo
583 2249 750 2302 legatos
780 2261 875 2289 esse
904 2246 1108 2300 potuisse,
1139 2251 1340 2299 quattuor
1361 2243 1554 2284 tribunos
1576 2241 1779 2290 nominat,
1804 2240 1852 2282 C.
1874 2238 1965 2282 Fal-

353 2318 522 2366 cidium,
567 2315 649 2370 Qu.
683 2315 914 2364 Metellum,
947 2313 1036 2368 Qu.
1063 2313 1252 2354 Caelium
1284 2312 1583 2359 Lafiniensem,
1614 2308 1691 2350 Cn.
1725 2307 1964 2357 Lentulum,

494 2459 505 2478 ¹
540 2457 651 2498 Quod
680 2457 827 2491 Runmo
863 2454 903 2497 (l.
930 2465 957 2488 c.
983 2464 1015 2499 p.
1045 2462 1084 2497 17
1109 2451 1188 2487 adn.
1216 2452 1251 2496 3)
1274 2458 1355 2485 ante
1380 2449 1614 2484 Decembrem
1639 2458 1800 2483 mensem
1823 2445 1860 2482 id
1882 2454 1965 2483 esse

356 2514 490 2548 factum
525 2521 636 2558 putat,
674 2512 754 2558 quia
787 2511 925 2546 litterae
959 2509 1066 2555 patris
1101 2507 1227 2549 Verris,
1257 2515 1346 2552 quae
1375 2512 1456 2539 ante
1485 2503 1561 2540 kal..
1578 2504 1664 2539 Dec.
1689 2503 1734 2538 ad
1755 2502 1902 2537 Verrem
1927 2501 1965 2537 in

355 2569 510 2604 Siciliam
535 2568 786 2614 pervenissent,
810 2574 891 2612 post
914 2565 1011 2600 illam
1037 2564 1239 2599 contionem
1266 2561 1413 2606 scriptae
1438 2568 1565 2600 essent,
1590 2570 1662 2594 non
1686 2559 1735 2594 ita
1756 2566 1830 2601 est;
1849 2566 1963 2606 neque

356 2626 453 2660 enim
489 2625 573 2659 dicit
607 2624 733 2659 Cicero
766 2623 872 2668 patris
902 2622 1034 2656 litteras
1065 2628 1146 2655 ante
1169 2618 1236 2653 kal.
1262 2618 1347 2652 Dec.
1374 2617 1518 2662 scriptas
1542 2616 1586 2650 de
1609 2616 1676 2650 hac
1699 2613 1853 2653 Palicani
1870 2622 1960 2648 con-

357 2682 454 2716 tione
484 2681 614 2727 aliquid
646 2679 820 2721 habuisse,
846 2678 907 2713 sed
931 2686 1069 2712 tantum
1092 2676 1136 2710 de
1160 2675 1213 2717 iis,
1238 2683 1327 2720 quae
1353 2673 1387 2707 in
1411 2681 1534 2707 senatu
1558 2673 1603 2707 de
1626 2681 1732 2706 causa
1752 2669 1884 2716 agitata
1908 2679 1964 2704 3-

357 2746 446 2781 sent,
470 2737 582 2772 filium
605 2737 646 2771 iis
670 2736 793 2770 litteris
818 2735 1003 2770 certiorem
1027 2733 1169 2767 factum.

496 2794 509 2814 ‘²
539 2793 624 2828 Cic.
651 2793 701 2827 de
726 2793 823 2838 imp.
849 2792 922 2826 Cn.
948 2791 1093 2835 Pomp.
1122 2799 1174 2834 19,
1205 2789 1254 2833 56.
