1982 3288
355 199 405 240 32
990 197 1021 238 J.
1056 197 1102 229 M.
1133 189 1322 230 sexum<

353 325 518 364 videtur
548 323 615 364 hic
646 322 936 376 perturbatum
967 335 1063 363 esse
1092 323 1413 376 quodammodo
1443 329 1683 376 temporum
1702 325 1892 366 ordinem
1911 329 1954 365 et

353 390 598 444 Appianum
629 390 670 431 in
700 390 820 444 primi
851 388 1095 431 consulatus
1122 402 1278 431 annum
1308 402 1359 430 ea
1388 388 1662 438 transtulisse,
1683 403 1793 444 quae
1815 392 1871 432 ad
1890 393 1955 433 iun

351 458 588 498 tribunatus
617 458 947 499 imminuendum
977 469 1002 497 a
1032 456 1147 498 Sulla
1182 458 1390 498 dictatore
1419 470 1444 497 a
1473 456 1832 509 673—4r81—-80
1858 464 1955 501 acta

351 531 459 566 sunt.
491 524 639 579 Atque
656 524 713 566 ita
737 537 811 566 cur
834 525 1090 565 credendum
1110 525 1176 572 sit,
1197 524 1303 565 haec
1322 524 1588 577 potissimum
1607 523 1743 566 afferri
1762 531 1953 580 possunt.

486 592 667 633 Primum
698 591 925 646 Appianus
954 597 1094 632 narrat
1123 590 1282 632 Sullam
1312 598 1480 645 praeter
1510 591 1764 643 rogationes,
1794 593 1850 634 de
1869 592 1955 647 qui·

351 659 431 700 bus
461 659 658 707 diximus
694 672 779 700 non
818 658 954 699 solum
994 658 1074 699 alia
1105 657 1235 699 multa
1264 659 1545 706 constituisse,
1585 665 1630 699 ut
1658 659 1861 712 potestati
1889 659 1955 702 tri·

351 725 559 767 bunorum
590 727 743 766 modus
773 726 1071 779 imponeretur
1103 726 1179 765 sed
1209 725 1336 766 etiam
1355 732 1527 767 senatus
1546 738 1764 767 numerum
1782 726 1956 768 auxi-oe

349 794 549 834 trecentis
579 793 701 833 novis
732 792 851 833 lectis
875 791 1153 833 senatoribus
1203 791 1327 845 Quae
1356 791 1482 834 lectio
1500 799 1588 835 tum
1607 800 1724 835 certe
1741 806 1826 835 non
1844 792 1956 836 foen

349 868 433 910 est;
464 859 584 900 aliter
613 860 815 913 scriptum
847 860 936 899 sine
966 859 1096 900 dubio
1127 858 1364 912 legeremus
1393 871 1531 900 novos
1558 867 1777 902 senatores
1803 867 1894 903 tum
1914 860 1956 903 in

350 934 543 968 senatum
583 927 749 967 venisse
785 934 828 967 et
864 932 1015 980 postea
1044 940 1069 967 a
1100 925 1298 967 Marianis
1328 925 1627 980 Cinnanisque.
1657 940 1789 981 quum
1817 940 1956 971 rerum

349 994 470 1047 potiti
511 1000 666 1042 essent,
713 994 874 1034 eiectos
911 1006 1018 1034 esse.
1086 993 1245 1035 Dicunt
1288 993 1461 1048 quidem
1500 993 1686 1035 nonnulli
1725 994 1822 1036 inde
1860 1007 1958 1037 con·

348 1062 558 1103 iciendum
589 1074 684 1102 esse
715 1074 809 1102 eam
841 1074 941 1109 rem,
973 1061 1051 1102 etsi
1082 1074 1107 1102 a
1137 1060 1298 1115 populo
1327 1061 1382 1102 sit
1411 1061 1596 1110 decreta,
1626 1074 1713 1102 non
1741 1074 1839 1103 esse
1866 1074 1958 1116 per·

349 1129 525 1178 sectam;
557 1129 633 1169 sed
664 1128 770 1169 haec
801 1135 916 1169 certe
946 1141 1031 1169 non
1062 1127 1249 1182 Appiani
1280 1129 1463 1170 narratio
1493 1135 1571 1177 est,
1602 1128 1674 1182 qui
1704 1128 1957 1171 diciteooin

349 1203 542 1237 senatum
566 1195 702 1238 lectos
724 1195 954 1250 (κατέλεξαν
996 1194 1038 1243 ἐς
1080 1197 1125 1238 τὸ
1169 1196 1475 1252 βουλευτήριον).
1526 1195 1687 1251 Contra
1706 1196 1959 1250 quum-ntis

349 1270 510 1304 certum
541 1263 596 1304 sit
625 1269 669 1304 et
697 1277 752 1304 ex
784 1262 876 1305 aliis
904 1263 1149 1305 auctoribus
1178 1269 1222 1304 et
1250 1277 1306 1305 ex
1336 1263 1541 1319 Appiano
1571 1260 1691 1317 ἰρεοι
1725 1262 1887 1306 Sullam
1914 1263 1959 1306 in

348 1331 556 1372 dictatura
585 1343 806 1372 numerum
835 1338 1008 1372 senatus
1036 1331 1221 1377 auxisse.
1251 1330 1413 1373 facilius
1441 1337 1486 1373 et
1513 1331 1672 1372 maiore
1701 1343 1800 1372 cum
1829 1343 1959 1375 cama

349 1397 624 1446 concluditur,
664 1398 699 1439 si
734 1398 775 1438 in
814 1398 895 1439 hac
932 1411 976 1439 re
1012 1405 1254 1452 temporum
1291 1400 1399 1440 ordo
1433 1405 1628 1440 servatus
1655 1411 1742 1440 non
1769 1398 1839 1448 sit,
1867 1396 1957 1440 fieri

349 1465 552 1519 potuisse,
583 1471 630 1506 ut
658 1466 785 1507 etiam
815 1465 907 1507 aliis
936 1466 977 1507 in
1008 1465 1135 1507 rebus
1164 1466 1277 1508 idem
1306 1479 1423 1508 error
1450 1465 1796 1508 committeretur.

484 1532 651 1574 Deinde
681 1533 727 1582 is,
759 1533 831 1586 qui
861 1533 1086 1587 periochas
1108 1533 1306 1575 Livianas
1325 1533 1495 1587 scripsit
1517 1532 1600 1588 (ep.
1621 1532 1707 1586 89),
1725 1532 1960 1576 admodum

348 1606 546 1641 accurate
575 1599 777 1654 pleraque
801 1600 1110 1655 complectitur,
1141 1614 1252 1655 quae
1279 1614 1307 1643 a
1335 1600 1452 1644 Sulla
1480 1601 1688 1642 dictatore
1716 1600 1773 1643 ad
1800 1605 1960 1647 mm

349 1667 533 1709 civitatis
562 1667 898 1709 confirmandum
929 1675 1026 1709 acta
1060 1675 1159 1710 sunt
1170 1666 1200 1717 ²,
1232 1669 1340 1710 inter
1368 1682 1478 1723 quae
1507 1669 1684 1711 modum
1713 1666 1960 1718 uibmiehe

349 1734 553 1788 potestati
591 1735 836 1788 impositum
873 1743 1184 1777 commemorat
1222 1736 1288 1777 his
1323 1736 1484 1778 verbis:
1525 1734 1795 1777 tribunorum
1819 1732 1960 1790 plebes

340 1808 590 1855 potestatem
620 1802 778 1843 minuit
793 1809 836 1843 et
861 1803 931 1844 ius
952 1816 1075 1844 omne
1090 1802 1234 1856 legum
1248 1802 1546 1856 serendarum
1563 1801 1747 1852 adenem
1773 1802 1830 1844 de
1845 1814 1960 1845 anno

350 1876 492 1910 autem
515 1865 677 1915 6662‘88
709 1870 791 1924 (ep.
825 1870 894 1925 77)
925 1870 1026 1911 nihil
1056 1877 1124 1912 est
1151 1872 1267 1924 apud
1295 1884 1394 1912 eum
1422 1870 1502 1912 nisi
1531 1870 1635 1911 hoc:
1676 1868 1725 1911 L.
1755 1867 1882 1911 Sulla
1908 1867 1963 1911 ci·

349 1936 496 1977 vitatis
524 1942 681 1978 statum
709 1937 950 1987 ordinavit;
979 1951 1088 1991 quae
1109 1938 1240 1979 verba
1270 1938 1390 1980 facile
1412 1937 1552 1979 referri
1571 1942 1753 1991 possunt
1768 1937 1827 1978 ad
1842 1935 1963 1991 lega

351 2003 561 2058 Sulpicias
602 2004 791 2046 sublatas
830 2012 1057 2059 ceteraque
1091 2005 1206 2047 haud
1235 2006 1295 2047 ita
1323 2005 1408 2047 late
1436 2005 1638 2059 patentia,
1676 2017 1788 2058 quae
1814 2010 1963 2052 msa

351 2070 467 2113 Sulla
497 2085 592 2112 esse
623 2072 816 2113 consulta
845 2073 1102 2126 provisaque
1125 2072 1351 2114 verisimile
1368 2079 1447 2114 est
1506 2071 1695 2114 Contra
1684 2085 1728 2113 m
1743 2069 1963 2125 nm

350 2139 413 2187 iis,
445 2152 554 2192 quae
583 2151 609 2179 a
638 2138 754 2181 Sulla
783 2140 992 2181 dictatore
1020 2142 1076 2181 ad
1104 2140 1371 2182 tribuniciam
1389 2146 1650 2194 potestatem
1665 2133 1961 2190 infirmatuhm

351 2213 447 2247 acta
483 2212 592 2254 sunt,
629 2202 885 2260 Appianus³
923 2207 1024 2248 nihil
1062 2202 1202 2250 habet
1230 2208 1310 2249 nisi
1345 2208 1429 2249 hoc
1458 2208 1564 2249 satis
1597 2205 1759 2249 infinite
1784 2205 1960 2255 dictim,

492 2323 629 2369 ¹App.
654 2324 691 2358 B.
717 2323 757 2358 C.
786 2334 815 2366 1,
843 2333 917 2366 100,
940 2324 999 2359 ubi
1022 2324 1066 2358 de
1090 2333 1212 2359 senatu
1237 2324 1331 2359 idem
1355 2323 1426 2360 sere
1449 2331 1576 2366 narrat,
1598 2323 1692 2370 quod
1721 2333 1749 2365 1,
1777 2332 1827 2368 59.

490 2380 503 2400 ²
526 2380 612 2415 Liv.
643 2380 709 2425 Ep.
735 2380 779 2426 89
811 2382 955 2424 Legibus
984 2383 1080 2414 novis
1111 2383 1307 2424 reipublicae
1334 2387 1460 2414 statum
1488 2382 1723 2422 confirmavit;
1749 2381 1963 2413 tribamomm

349 2439 454 2479 plebis
474 2442 668 2478 potestatem
692 2439 814 2469 minuit
836 2442 865 2469 et
887 2449 983 2470 omne
1006 2439 1059 2470 ius
1082 2440 1194 2481 legum
1213 2439 1439 2479 serendarum
1461 2438 1603 2474 adonin·
1632 2438 1835 2478 pmztificum
1844 2446 1963 2480 ‚magu-

353 2505 495 2535 rumque
523 2495 698 2535 collegium
727 2495 919 2535 ampliavit,·
952 2499 1104 2526 senatum
1127 2506 1168 2527 ex
1189 2496 1333 2536 equestri
1353 2495 1470 2527 ordine
1490 2495 1668 2536 supplevit:
1693 2493 1963 2535 proscriptorum

353 2551 465 2582 liberis
489 2551 542 2582 ius
559 2551 778 2591 petendorum
801 2551 968 2582 honorum
990 2552 1112 2592 eripuit
1133 2555 1163 2583 et
1185 2552 1271 2582 bona
1293 2562 1410 2583 eorum
1432 2551 1588 2587 vendidit,
1612 2561 1654 2582 ex
1674 2550 1794 2591 quibus
1810 2550 1964 2592 phurim·

355 2607 476 2646 rapuit,
501 2613 536 2638 ct
561 2615 650 2650 quae
674 2612 873 2650 sequuntur.

492 2660 506 2680 ³
528 2660 630 2705 App.
655 2660 692 2696 B.
710 2659 750 2694 C.
780 2670 808 2702 1,
835 2669 899 2694 100
927 2662 992 2710 τὴν
1016 2667 1084 2696 τῶν
1108 2662 1305 2710 δημάρχων
1328 2663 1448 2711 ἀρχὴν
1470 2663 1532 2698 {za
1556 2664 1617 2698 καὶ
1642 2662 1787 2706 ἀνεῖλεν,
1810 2661 1963 2699 “zom-

358 2718 485 2764 3τάτην
509 2717 710 2764 ἀποφήνας,
735 2717 795 2751 καὶ
818 2717 913 2764 νόμῳ
936 2717 1099 2759 κωλύσας
1125 2717 1304 2766 μηδεμίαν
1327 2719 1444 2767 ἄλλην
1471 2721 1528 2754 τὸν
1553 2718 1743 2768 δήμαρχον
1764 2718 1885 2768 ἇρχὴν
1910 2717 1963 2754 ἴτ’.

357 2771 493 2819 ἄρχειν·
519 2771 572 2807 διὸ
597 2773 657 2807 καὶ
679 2773 803 2814 πάντες
827 2772 860 2808 οἱ
885 2772 994 2821 δόξης
1018 2773 1045 2821 ἢ
1068 2774 1190 2821 γένους
1207 2774 1480 2823 ἀντιποιούμενοι
1503 2777 1569 2824 τὴν
1585 2776 1706 2824 ἀρχὴν
1721 2775 1758 2817 ἐς
1772 2776 1813 2810 τὸ
1830 2774 1961 2823 μέλλον

357 2828 586 2876 ἐξετρέποντο.
