1982 3288
451 186 515 218 DE
545 185 734 218 TRIBUN.
767 185 870 217 POT.
903 185 934 216 A
965 184 1118 217 SULLA
1149 183 1394 216 IMMINUTA
1703 185 1726 226 7

120 313 354 353 memoriae
389 316 486 352 sunt
514 310 693 363 prodita.
754 309 901 362 Atque
931 323 986 349 ex
1017 315 1238 349 auctorum
1283 308 1537 349 testimoniis
1572 309 1727 361 gravis-

119 380 277 421 simum
317 378 408 419 sine
443 377 574 418 dubio
603 382 671 419 est
698 376 741 416 id
770 376 887 429 quod
917 375 1049 415 habet
1078 375 1280 428 periocha
1322 375 1514 425 Liviana;
1557 389 1655 416 nam
1692 375 1726 415 si

120 460 180 488 ex
214 446 331 494 locis,
373 444 520 498 quales
556 449 655 485 sunt
681 442 750 485 ille
780 441 903 483 Caes.
935 442 981 483 B.
1015 440 1062 483 C.
1100 452 1134 489 1,
1165 452 1208 493 7:
1245 440 1428 482 »Caesar
1457 443 1613 483 nudata
1641 455 1727 483 om-

123 513 246 556 nibus
292 512 416 553 rebus
456 510 677 552 tribunicia
716 515 932 563 potestate
977 515 1122 550 tamen
1162 508 1507 549 intercessionem
1555 509 1726 550 liberam

122 579 326 633 reliquit»,
369 578 470 620 nihil
509 591 588 632 pro
629 583 746 618 certo
776 575 1030 618 concludere
1070 574 1180 623 licet,
1217 588 1347 628 quum
1378 574 1645 616 manifestum
1674 577 1729 617 sit

116 647 372 701 scriptorem
413 659 501 687 rem
541 645 583 686 in
619 644 754 685 maius
794 657 950 696 augere
991 643 1181 697 potuisse
1211 648 1254 683 et
1285 655 1430 683 revera
1459 642 1642 690 auxisse,
1674 643 1726 682 ni-

122 713 179 756 hil
220 719 363 756 tamen
404 725 558 754 causae
586 718 664 761 ast,
705 711 806 765 quin
835 710 948 759 illud,
979 710 1096 764 quod
1125 709 1251 763 plane
1280 715 1325 750 et
1353 708 1599 763 simpliciter
1627 710 1727 750 dicit

121 781 170 831 is,
199 781 270 835 qui
294 779 541 834 periocham
571 779 741 833 scripsit
770 778 1003 826 Livianam‚
1025 783 1273 831 potestatem
1301 776 1569 817 tribunorum
1590 775 1728 829 plebis

117 847 276 889 minuit
302 854 343 888 et
369 847 438 889 ius
464 860 587 888 omne
612 846 754 900 legum
764 844 1059 899 serendarum
1082 843 1256 890 ademit,
1281 857 1336 884 ex
1358 844 1596 885 narratione
1622 843 1726 884 Livii

121 921 236 957 recte
265 922 516 968 excerptum
546 910 642 956 sit¹.
682 912 727 955 Si
757 926 860 954 vero
890 911 1006 954 Sulla
1036 925 1121 952 non
1151 910 1276 966 plane
1300 918 1344 952 et
1366 918 1514 965 aperte
1537 911 1728 952 tribunos

120 982 204 1024 hoc
240 982 327 1023 iure
367 982 560 1036 privavit,
591 982 669 1023 sed
698 982 768 1029 ita,
799 986 846 1022 ut
873 979 1129 1032 ambagibus
1158 978 1413 1032 quibusdam
1442 979 1498 1020 ad
1529 992 1616 1020 rem
1656 978 1727 1019 ob-

116 1050 335 1092 tinendam
376 1056 572 1098 uteretur,
603 1062 678 1090 cur
705 1048 1036 1090 existimandum
1071 1053 1138 1089 est
1166 1053 1239 1087 aut
1270 1045 1436 1087 Livium
1467 1045 1645 1087 sormam
1676 1045 1727 1087 le-

116 1117 185 1171 gis
225 1123 270 1159 et
310 1117 661 1172 perscriptionem
702 1129 788 1157 non
819 1122 933 1157 recte
963 1113 1111 1156 litteris
1141 1114 1381 1162 mandasse,
1412 1120 1484 1154 aut
1513 1126 1625 1162 eum,
1656 1114 1725 1166 qui

119 1184 366 1239 periocham
406 1183 660 1238 composuit,
701 1182 827 1225 aliam
868 1182 1119 1236 scripturam
1160 1181 1440 1229 substituisse,
1483 1193 1561 1234 pro
1599 1194 1653 1222 eo
1683 1188 1727 1222 ut

119 1251 246 1305 longe
276 1251 504 1294 faciliorem
524 1250 910 1305 simplicioremque
935 1249 1047 1291 viam
1069 1248 1246 1301 eligeret
1267 1261 1411 1289 veram
1435 1247 1728 1290 exscribendi?

117 1318 366 1374 Appianum
407 1332 509 1360 vero
551 1318 613 1374 (B.
655 1317 704 1359 C.
740 1329 784 1367 ἰ,
820 1317 886 1371 59)
917 1317 1246 1359 existimandum
1276 1323 1342 1357 est
1371 1309 1608 1363 tradidisse,
1639 1314 1726 1356 Sul-

118 1385 202 1429 lam
243 1386 421 1429 concilia
461 1386 599 1441 plebis
640 1384 878 1435 sustulisse;
921 1385 998 1425 sed
1036 1397 1166 1438 quum
1208 1383 1277 1425 hic
1307 1382 1426 1424 locus
1456 1382 1569 1424 haud
1599 1382 1727 1423 dubie

110 1453 439 1506 ‚difficultatibus
479 1453 732 1508 quibusdam
762 1452 929 1494 laboret
956 1464 1096 1505 neque
1125 1452 1179 1492 de
1208 1464 1262 1492 eo
1291 1451 1610 1505 interpretando
1639 1463 1725 1491 om-

117 1534 196 1563 nes
224 1521 337 1564 idem
366 1521 562 1570 sentiant,
591 1521 647 1562 ad
676 1533 774 1562 eum
803 1519 907 1561 infra
938 1520 1198 1560 redeundum
1228 1518 1316 1560 erit.

254 1589 421 1631 Deinde
467 1602 569 1631 vero
607 1589 662 1630 de
699 1587 815 1630 Sulla
852 1587 910 1629 ita
947 1587 1276 1628 existimandum
1319 1599 1415 1627 esse
1457 1585 1559 1626 satis
1598 1586 1726 1627 docet

119 1655 294 1698 historia
323 1658 474 1698 decem
503 1655 668 1698 illorum
706 1668 926 1704 annorum,
968 1654 1038 1708 qui
1081 1654 1214 1695 secuti
1244 1659 1353 1694 sunt.
1415 1652 1583 1694 Nullam
1614 1653 1725 1693 enim

118 1721 258 1777 legem
287 1737 312 1765 a
342 1723 519 1766 tribunis
548 1729 741 1776 rogatam
771 1723 965 1764 videmus
995 1735 1071 1776 per
1105 1728 1242 1763 totum
1273 1719 1372 1762 illud
1407 1719 1614 1774 temporis
1633 1733 1725 1773 spa-

113 1789 233 1840 tium,
264 1803 350 1845 quo
380 1790 498 1844 leges
527 1789 725 1833 Sullanae
754 1796 799 1832 et
829 1803 940 1844 quae
964 1788 1033 1831 ille
1056 1790 1111 1831 de
1131 1788 1394 1830 tribunorum
1414 1787 1502 1829 iure
1526 1794 1726 1829 sanxerat

116 1857 340 1902 immutata
369 1858 609 1901 manebant.
669 1858 739 1900 Ac
768 1864 912 1900 tamen
943 1857 1015 1898 vix
1046 1855 1153 1898 ullus
1183 1855 1398 1911 praeteriit
1421 1868 1556 1896 annus
1579 1855 1677 1896 inde
1699 1869 1725 1896 a

117 1925 327 1967 dictatura
356 1939 382 1967 a
411 1925 526 1967 Sulla
555 1926 752 1979 deposita
776 1938 910 1979 usque
933 1925 988 1966 ad
1012 1923 1279 1966 consulatum
1300 1922 1489 1977 Pompeii
1507 1929 1551 1964 et
1569 1922 1724 1971 Crassi,

118 2005 250 2045 quum
286 1993 507 2036 tribunicia
535 1999 729 2047 potestas
758 1992 950 2035 restituta
980 1999 1058 2040 est,
1089 1991 1189 2045 quin
1219 1996 1427 2032 tentatum
1458 1990 1524 2037 sit,
1556 1996 1601 2031 ut
1628 1996 1724 2031 acta

117 2058 261 2101 Sullae
302 2061 647 2102 rescinderentur.
707 2060 785 2102 Per
825 2059 867 2100 id
896 2065 1067 2113 tempus
1096 2058 1249 2100 tribuni
1279 2058 1359 2112 ipsi
1388 2057 1526 2099 acrius
1555 2070 1725 2111 semper

117 2126 344 2175 instabant,
388 2134 433 2170 ut
471 2127 628 2170 amissa
665 2127 745 2169 sibi
786 2132 980 2182 potestas
1021 2127 1284 2175 redderetur3
1326 2125 1444 2167 cuius
1483 2125 1539 2166 rei
1581 2125 1722 2166 statim

117 2195 302 2248 peractis
331 2195 602 2244 sollennibus,
624 2195 777 2249 quibus
811 2194 1044 2248 exsequiae
1073 2192 1215 2235 Sullae
1244 2199 1342 2234 sunt
1370 2191 1624 2240 celebratae,
1655 2192 1723 2232 ini-

116 2261 221 2304 tium
257 2261 415 2303 sactum
433 2268 522 2304 est.
582 2262 694 2304 Nam
723 2262 877 2305 tribuni
906 2275 1010 2303 mox
1042 2261 1253 2315 Lepidum
1284 2259 1502 2303 consulem
1531 2259 1724 2301 adierunt

121 2323 328 2384 (676l78)‚
359 2343 384 2371 a
414 2343 500 2383 quo
530 2343 615 2372 uno
644 2330 687 2372 in
715 2329 796 2373 hac
827 2343 872 2371 re
900 2328 1059 2383 aliquid
1082 2341 1254 2383 sperare
1277 2334 1488 2383 poterant,
1514 2333 1722 2381 petentes,

117 2400 167 2437 ut
203 2396 450 2439 tribuniciae
489 2397 691 2451 potestati
737 2397 1022 2439 restituendae
1058 2397 1180 2439 daret
1207 2408 1397 2450 operam,
1428 2395 1506 2436 sed
1537 2394 1724 2448 Lepidus

116 2467 208 2505 tum
237 2463 401 2507 videtur
430 2465 725 2507 condicionem
755 2464 1014 2519 repudiasse,
1045 2476 1303 2519 quamquam
1332 2475 1445 2503 anno
1474 2462 1722 2516 insequenti,

256 2602 264 2622 ¹
290 2602 324 2638 F.
351 2602 489 2646 Hssvmt,
512 2603 571 2650 qui
593 2603 637 2638 de
662 2603 836 2650 periochis
860 2602 1014 2638 Livianis
1038 2602 1175 2648 scripsit
1193 2601 1431 2646 (Fleckeisens
1446 2600 1562 2647 Jahrb.
1580 2599 1601 2635 f.
1619 2600 1721 2635 klass.

115 2657 203 2693 Phil.
234 2659 328 2702 1875,
353 2669 384 2704 p.
407 2659 471 2703 645
498 2660 624 2706 seqq),
653 2670 869 2706 quamquam
899 2670 995 2701 eum,
1019 2659 1078 2706 qui
1101 2659 1179 2694 illas
1202 2658 1352 2703 scripsit,
1375 2668 1447 2692 non
1470 2656 1588 2692 solum
1612 2656 1722 2702 negli-

114 2714 254 2760 gentiae
278 2715 403 2759 arguit,
427 2715 488 2750 sed
511 2715 618 2751 etiam
644 2715 818 2751 interdum
842 2726 896 2758 ea,
920 2725 1010 2762 quae
1033 2726 1054 2750 a
1079 2714 1180 2750 Livio
1204 2722 1321 2749 essent
1350 2722 1500 2755 narrata,
1527 2712 1721 2758 corrupisse

115 2770 210 2813 dicit,
234 2779 353 2805 tamen
378 2771 582 2817 plerumque
604 2782 687 2807 eum
712 2771 836 2807 iisdem
863 2772 977 2807 verbis
1001 2771 1052 2807 uti
1070 2779 1175 2817 atque
1196 2782 1292 2812 eum,
1314 2770 1412 2805 cuius
1433 2769 1602 2804 librorum
1625 2779 1720 2803 sum-

115 2837 193 2861 mas
218 2827 430 2872 composuit.
455 2835 489 2862 et
514 2838 591 2862 raro
616 2835 752 2863 tantum
777 2828 820 2862 de
844 2838 909 2862 suo
934 2827 1064 2873 aliquid
1088 2827 1262 2862 addidisse
1288 2826 1450 2861 concedit
1473 2826 1524 2870 (p.
1549 2824 1643 2868 651).
